3775 5567
837 445 867 500 P.
887 443 1025 499 PAPlNII
1042 443 1163 499 suern

883 1379 1047 1452 LIBER
1077 1378 1129 1451 IV

686 1554 831 1604 STATIVS
856 1552 1046 1602 MARCELLO
1069 1552 1135 1602 SVO
1159 1553 1323 1602 SALVTEM

400 1652 519 1750 Inueni
550 1679 686 1765 aarum,
717 1679 868 1745 narceio
896 1678 1072 1762 eadsine,
1106 1699 1201 1762 quem
1233 1677 1350 1763 pietati
1377 1682 1453 1743 tuae
1484 1677 1671 1744 donarem.

342 1809 414 1854 reor
437 1786 587 1872 equidem
606 1787 702 1852 aliter
724 1809 820 1871 quom
843 1786 995 1852 inuocato
1017 1784 1149 1850 numine
1168 1784 1301 1850 maximi
1324 1784 1530 1869 imperatoris
1547 1782 1674 1847 nullum

338 1895 530 1980 opusculum
548 1916 656 1960 meum
679 1893 838 1980 coepisse,
861 1893 917 1957 sed
935 1893 999 1958 hic
1011 1892 1097 1957 liber
1113 1896 1181 1957 tres
1198 1891 1299 1956 habet
1322 1939 1670 1957 ............
1708 1907 1724 1955 5

340 2024 374 2067 se
389 2024 486 2087 quam
501 2001 587 2086 quod
601 2004 716 2085 quarta
734 2000 774 2065 ad
788 2000 944 2066 honorem
964 2004 1057 2064 tuum
1071 1998 1222 2084 pertinet
1259 1997 1365 2083 primo
1383 2003 1492 2064 autem
1511 1997 1561 2084 [1]
1576 1996 1674 2082 septi-

340 2130 429 2173 mum
443 2108 602 2173 decimum
617 2107 796 2173 Germanici
815 2106 918 2171 nostri
937 2106 1140 2172 consulatum
1158 2106 1304 2190 adoram,
1322 2105 1461 2172 secundo
1480 2105 1603 2192 gratias
1621 2103 1674 2190 egi

340 2214 564 2280 sacratissimis
574 2214 642 2279 eius
652 2214 703 2300 [2]
714 2213 818 2299 epulis
834 2213 1020 2297 honoratus,
1034 2212 1132 2278 tertio
1143 2213 1194 2298 [3]
1209 2213 1295 2278 uiam
1304 2213 1524 2279 Domitianam
1538 2211 1675 2276 miratus

338 2344 423 2408 sum,
455 2343 518 2406 qua
540 2321 765 2408 grauissimam
791 2320 984 2386 harenarum
1006 2342 1130 2385 moram
1157 2320 1286 2386 exemit.
1335 2320 1427 2386 euius
1454 2319 1610 2385 beneficio
1637 2321 1675 2382 tu

342 2451 470 2516 quoque
489 2429 648 2493 maturius
667 2428 717 2513 [4]
737 2427 909 2513 epistolam
927 2449 1033 2492 meam
1052 2426 1199 2515 accipies,
1218 2449 1315 2513 quam
1334 2428 1396 2492 tibi
1415 2426 1450 2492 in
1468 2426 1530 2493 hoc
1551 2426 1637 2492 libro
1655 2447 1675 2488 a
1694 2443 1728 2492 ιο

340 2536 478 2622 Neapoli
493 2534 607 2601 scribo.
637 2535 821 2620 proximum
831 2539 881 2600 est
897 2534 947 2620 [5]
957 2535 1093 2619 lyricum
1111 2557 1238 2600 carmen
1253 2536 1293 2599 ad
1308 2534 1502 2620 Septimium
1512 2534 1676 2620 Seuerum

341 2644 504 2728 iuuenem,
532 2643 580 2707 uti
603 2643 679 2728 scis,
707 2641 792 2707 inter
815 2642 1039 2707 amatissimos
1062 2642 1192 2708 secundi
1216 2643 1350 2729 ordinis,
1373 2647 1466 2708 tuum
1490 2642 1619 2728 quidem
1643 2646 1676 2707 et

341 2750 612 2836 condiscipulum,
641 2748 697 2814 sed
720 2749 801 2815 mihi
827 2749 908 2815 citra
936 2749 998 2815 hoe
1026 2771 1154 2835 quoque
1181 2751 1232 2815 ius
1255 2736 1415 2816 artissime
1438 2772 1555 2816 carum.
1601 2772 1677 2814 nam

341 2857 487 2924 Vindicis
506 2857 608 2922 nostri
628 2856 678 2942 [6]
703 2856 875 2922 Herculem
889 2855 1127 2944 ‘Epitrapezion
1145 2856 1321 2923 secundum
1338 2858 1504 2944 honorem,
1523 2878 1618 2942 quern
1637 2856 1677 2921 de

339 2988 390 3030 me
410 2964 500 3030 etde
520 2964 600 3049 ipsis
623 2963 740 3029 studiis
757 2967 911 3050 meretur,
935 2963 1097 3049 imputare
1121 2965 1219 3030 etiam
1237 2965 1300 3031 tibi
1319 2987 1460 3050 possum.
1495 2963 1675 3030 Maximum
1694 2981 1729 3028 15

341 3071 476 3138 Vibium
499 3076 532 3137 et
555 3069 725 3158 dignitatis
753 3074 786 3135 et
817 3071 1019 3156 eloquentiae
1042 3071 1172 3136 nomine
1195 3095 1215 3137 a
1241 3071 1338 3138 nobie
1366 3071 1460 3159 diligi
1488 3071 1567 3136 satis
1591 3093 1678 3136 eram

345 3183 482 3245 testatus
501 3177 651 3265 epistole,
674 3199 770 3262 quam
794 3177 834 3242 ad
857 3177 950 3242 illum
969 3177 1008 3243 de
1026 3178 1168 3244 editione
1186 3178 1370 3244 Thebaidos
1391 3201 1481 3244 meae
1503 3177 1677 3264 publicani,

340 3286 396 3352 sed
414 3309 499 3352 nune
518 3306 646 3370 quoque
667 3284 716 3370 [7]
736 3306 811 3350 eum
829 3285 949 3349 reuerti
971 3284 1130 3350 maturius
1148 3307 1187 3350 ex
1202 3285 1366 3350 Dalmatia
1383 3308 1474 3373 rogo.
1505 3285 1615 3351 iuncta
1629 3289 1678 3351 est

342 3393 392 3480 [8]
406 3393 518 3480 ecloga
532 3391 571 3456 ad
585 3390 782 3476 municipem
802 3413 910 3456 meum
927 3389 1046 3456 lulium
1060 3391 1285 3478 Menecratem,
1304 3393 1509 3479 splendidum
1527 3393 1677 3459 iuuenem

344 3505 377 3566 et
399 3499 496 3567 Pollii
523 3497 588 3563 mei
615 3519 782 3584 generum,
810 3498 860 3563 cui
888 3498 1036 3585 gratulor
1058 3498 1144 3583 quod
1172 3499 1344 3584 Neapolim
1370 3505 1516 3567 nostram
1542 3521 1677 3565 numero
1696 3515 1732 3565 20

343 3608 521 3673 liberorum
543 3605 773 3671 honestauerit.
818 3605 926 3671 Plotio
950 3604 1076 3690 Grypo,
1102 3606 1234 3671 maioris
1256 3607 1376 3694 gradus
1397 3608 1522 3692 iuueni,
1549 3607 1679 3695 dignius

347 3713 541 3799 opusculum
560 3711 702 3797 reddam,
726 3712 782 3778 sed
801 3713 931 3778 interim
955 3712 1006 3798 [9]
1029 3711 1329 3800 hendecasyllabos,
1353 3737 1434 3800 quos
1452 3715 1679 3782 Saturnalibus

347 3843 411 3886 una
434 3819 579 3904 risimus,
601 3819 677 3884 huic
700 3819 857 3884 uolumini
881 3818 1010 3884 inserui.

431 3948 529 4012 quare
557 3948 636 4013 ergo
666 3926 761 4011 plura
788 3926 822 3990 in
849 3930 966 4011 quarto
995 3925 1148 3992 siluamm
1174 3951 1271 4013 quam
1293 3930 1328 3994 iu
1351 3930 1539 4015 prioribus?
1575 3953 1617 3996 ne
1644 3951 1678 3995 sc

342 4037 458 4119 putent
486 4032 610 4118 aliquid
637 4033 754 4121 egisse,
787 4033 842 4119 qui
871 4033 1159 4121 reprehenderunt,
1191 4039 1228 4100 ut
1255 4036 1365 4122 audio,
1398 4037 1484 4123 quod
1515 4037 1578 4103 hoe
1609 4036 1678 4103 stili
1696 4053 1731 4102 ao

381 4189 487 4196 ..η-..ῳ-
505 4191 511 4195 -
527 4191 545 4196 -

430 4279 868 4351 Praesmpriommestaaoa·
895 4313 927 4322 -
957 4283 1678 4354 teic,loooeatomennoaindieoto,botenth‘

341 4371 456 4440 (tacente
474 4369 616 4425 Poteram
638 4387 695 4425 oon
718 4377 808 4426 tomen
826 4377 864 4426 eet
887 4371 1003 4426 dubiam
1021 4375 1091 4443 poia
1114 4389 1170 4447 que
1187 4374 1306 4441 defuerit
1327 4377 1359 4429 in
1376 4377 1436 4431 cod.
1454 4375 1565 4447 Poppr'r)
1587 4373 1680 4428 111¹

341 4461 398 4513 tres
420 4457 507 4513 habet
528 4457 655 4527 sequitur
673 4461 775 4527 quarta
792 4475 865 4528 quae
889 4459 926 4514 ad
945 4460 973 4514 h.
991 4462 1013 4514 t.
1030 4479 1059 4531 p.
1078 4467 1141 4514 (rao
1163 4465 1221 4516 tres
1239 4462 1327 4518 habet
1347 4463 1404 4517 nisi
1421 4464 1498 4532 qood
1521 4467 1624 4534 quarta
1643 4463 1680 4518 ad

341 4549 368 4604 h.
389 4551 407 4604 t.
427 4567 454 4619 p.
473 4547 550 4616 ¹¹33
581 4549 678 4620 cuppla
695 4566 737 4604 ea.
760 4567 800 4620 pr.
826 4547 875 4604 sed
898 4547 944 4604 hic
968 4548 1041 4605 liber
1067 4553 1124 4605 tros
1148 4550 1236 4606 habet
1261 4551 1386 4624 [libellos
1410 4553 1440 4608 in
1458 4553 1592 4610 honorem
1610 4552 1679 4609 eiua.

344 4642 405 4692 tum
431 4637 543 4692 demum
571 4639 703 4692 secuntur
730 4636 845 4709 eclogae
864 4637 901 4692 ad
929 4639 1048 4708 amicos3
1076 4639 1157 4694 uides
1184 4640 1274 4711 igitur
1295 4643 1324 4696 te
1347 4641 1439 4714 magis
1467 4642 1600 4698 honorari
1623 4659 1681 4698 non

342 4725 480 4798 potuis]ee
499 4743 584 4796 quam
604 4727 680 4796 quod
698 4731 801 4795 quarta
819 4727 856 4782 ed
875 4727 1010 4783 honorem
1022 4731 1104 4783 tuum
1118 4728 1243 4800 pertinet
1266 4761 1299 4770 -
1327 4735 1343 4785 8
1362 4731 1423 4786 eius
1442 4732 1570 4804 epistolis
1588 4733 1681 4803 (ἕης

342 4823 443 4872 corae
472 4847 506 4856 -
536 4821 569 4870 10
597 4833 661 4870 eam
688 4815 809 4886 accipies
838 4817 1026 4873 Marklandaa
1053 4849 1086 4858 -
1117 4825 1149 4872 1³
1178 4821 1276 4874 contra
1303 4819 1370 4890 hoc;
1402 4838 1471 4878 corr.
1496 4822 1616 4878 Notlius
1646 4851 1682 4862 -

343 4911 378 4958 16
396 4903 505 4959 uiuiurn
524 4907 618 4974 (etiam
635 4909 681 4976 Δ);
713 4905 846 4961 iuuenem
864 4906 928 4960 Μ
947 4939 981 4947 -
