<?xml version="1.0" encoding="UTF-8"?>
<!DOCTYPE html PUBLIC "-//W3C//DTD XHTML 1.0 Transitional//EN"
    "http://www.w3.org/TR/xhtml1/DTD/xhtml1-transitional.dtd">
<html xmlns="http://www.w3.org/1999/xhtml" xml:lang="en" lang="en">
 <head>
  <title>
</title>
<meta http-equiv="Content-Type" content="text/html;charset=utf-8" />
  <meta name='ocr-system' content='tesseract 3.04.00' />
  <meta name='ocr-capabilities' content='ocr_page ocr_carea ocr_par ocr_line ocrx_word'/>
</head>
<body>
  <div class='ocr_page' id='page_1' title='image "./silvarvmlibri01buecgoog_0212.png"; bbox 0 0 3775 5567; ppageno 0'>
   <div class='ocr_carea' id='block_1_1' title="bbox 857 438 1179 496">
    <p class='ocr_par' dir='ltr' id='par_1_1' title="bbox 857 438 1179 496">
     <span class='ocr_line' id='line_1_1' title="bbox 857 438 1179 496; baseline 0.003 -2"><span class='ocrx_word' id='word_1_1' title='bbox 857 440 887 496; x_wconf 92' lang='lat' dir='ltr'><strong>P.</strong></span> <span class='ocrx_word' id='word_1_2' title='bbox 906 438 1043 495; x_wconf 81' lang='lat' dir='ltr'><strong>PAPINII</strong></span> <span class='ocrx_word' id='word_1_3' title='bbox 1061 439 1179 495; x_wconf 73' lang='lat' dir='ltr'><strong>sunau</strong></span> 
     </span>
    </p>
   </div>
   <div class='ocr_carea' id='block_1_2' title="bbox 563 602 1518 3693">
    <p class='ocr_par' dir='ltr' id='par_1_2' title="bbox 563 602 1518 3693">
     <span class='ocr_line' id='line_1_2' title="bbox 564 602 1411 669; baseline -0.002 0"><span class='ocrx_word' id='word_1_4' title='bbox 564 605 662 669; x_wconf 75' lang='lat' dir='ltr'><strong>fimus</strong></span> <span class='ocrx_word' id='word_1_5' title='bbox 684 607 745 669; x_wconf 87' lang='lat' dir='ltr'><strong>eat.</strong></span> <span class='ocrx_word' id='word_1_6' title='bbox 791 603 859 669; x_wconf 81' lang='lat' dir='ltr'><strong>‘sed</strong></span> <span class='ocrx_word' id='word_1_7' title='bbox 881 626 940 669; x_wconf 90' lang='lat' dir='ltr'><strong>nec</strong></span> <span class='ocrx_word' id='word_1_8' title='bbox 964 604 1059 669; x_wconf 93' lang='lat' dir='ltr'><strong>modo</strong></span> <span class='ocrx_word' id='word_1_9' title='bbox 1083 626 1117 669; x_wconf 88' lang='lat' dir='ltr'><strong>se</strong></span> <span class='ocrx_word' id='word_1_10' title='bbox 1139 602 1266 669; x_wconf 85' lang='lat' dir='ltr'><strong>Natura</strong></span> <span class='ocrx_word' id='word_1_11' title='bbox 1288 603 1411 668; x_wconf 76' lang='lat' dir='ltr'>dolenti</span> 
     </span>
     <span class='ocr_line' id='line_1_3' title="bbox 563 709 1419 796; baseline -0.001 -20"><span class='ocrx_word' id='word_1_12' title='bbox 563 733 623 776; x_wconf 90' lang='lat' dir='ltr'><strong>nec</strong></span> <span class='ocrx_word' id='word_1_13' title='bbox 645 709 755 778; x_wconf 88' lang='lat' dir='ltr'><strong>Pietas</strong></span> <span class='ocrx_word' id='word_1_14' title='bbox 777 710 899 777; x_wconf 87' lang='lat' dir='ltr'><strong>iniusta</strong></span> <span class='ocrx_word' id='word_1_15' title='bbox 921 710 1039 777; x_wconf 86' lang='lat' dir='ltr'><strong>deditl’</strong></span> <span class='ocrx_word' id='word_1_16' title='bbox 1077 710 1157 776; x_wconf 91' lang='lat' dir='ltr'><strong>mihi</strong></span> <span class='ocrx_word' id='word_1_17' title='bbox 1180 710 1291 775; x_wconf 88' lang='lat' dir='ltr'><strong>limine</strong></span> <span class='ocrx_word' id='word_1_18' title='bbox 1314 709 1419 796; x_wconf 89' lang='lat' dir='ltr'><strong>primo</strong></span> 
     </span>
     <span class='ocr_line' id='line_1_4' title="bbox 564 816 1443 905; baseline 0 -23"><span class='ocrx_word' id='word_1_19' title='bbox 564 819 706 884; x_wconf 87' lang='lat' dir='ltr'><strong>fatorum</strong></span> <span class='ocrx_word' id='word_1_20' title='bbox 728 822 762 883; x_wconf 90' lang='lat' dir='ltr'><strong>et</strong></span> <span class='ocrx_word' id='word_1_21' title='bbox 784 816 896 904; x_wconf 82' lang='lat' dir='ltr'><strong>uiridi,</strong></span> <span class='ocrx_word' id='word_1_22' title='bbox 918 818 1061 905; x_wconf 83' lang='lat' dir='ltr'><strong>genitor,</strong></span> <span class='ocrx_word' id='word_1_23' title='bbox 1084 840 1142 883; x_wconf 91' lang='lat' dir='ltr'><strong>eeu</strong></span> <span class='ocrx_word' id='word_1_24' title='bbox 1161 822 1275 903; x_wconf 87' lang='lat' dir='ltr'><strong>raptus</strong></span> <span class='ocrx_word' id='word_1_25' title='bbox 1297 819 1339 883; x_wconf 84' lang='lat' dir='ltr'><strong>eb</strong></span> <span class='ocrx_word' id='word_1_26' title='bbox 1363 840 1443 883; x_wconf 88' lang='lat' dir='ltr'><strong>aeuo</strong></span> 
     </span>
     <span class='ocr_line' id='line_1_5' title="bbox 564 924 1472 1012; baseline -0.002 -21"><span class='ocrx_word' id='word_1_27' title='bbox 564 926 699 991; x_wconf 82' lang='lat' dir='ltr'><strong>Tartara</strong></span> <span class='ocrx_word' id='word_1_28' title='bbox 722 925 802 991; x_wconf 80' lang='lat' dir='ltr'><strong>dura</strong></span> <span class='ocrx_word' id='word_1_29' title='bbox 819 925 919 991; x_wconf 89' lang='lat' dir='ltr'><strong>subis.</strong></span> <span class='ocrx_word' id='word_1_30' title='bbox 962 948 1022 992; x_wconf 91' lang='lat' dir='ltr'><strong>nec</strong></span> <span class='ocrx_word' id='word_1_31' title='bbox 1045 926 1130 991; x_wconf 90' lang='lat' dir='ltr'><strong>enim</strong></span> <span class='ocrx_word' id='word_1_32' title='bbox 1152 924 1356 991; x_wconf 86' lang='lat' dir='ltr'><strong>Marathonia</strong></span> <span class='ocrx_word' id='word_1_33' title='bbox 1379 925 1472 1012; x_wconf 82' lang='lat' dir='ltr'><strong>uirgo</strong></span> 
     </span>
     <span class='ocr_line' id='line_1_6' title="bbox 564 1032 1432 1120; baseline -0.002 -21"><span class='ocrx_word' id='word_1_34' title='bbox 564 1033 692 1119; x_wconf 89' lang='lat' dir='ltr'><strong>parcius</strong></span> <span class='ocrx_word' id='word_1_35' title='bbox 715 1033 895 1099; x_wconf 85' lang='lat' dir='ltr'><strong>extinctum</strong></span> <span class='ocrx_word' id='word_1_36' title='bbox 919 1055 1088 1099; x_wconf 87' lang='lat' dir='ltr'><strong>saeuorum</strong></span> <span class='ocrx_word' id='word_1_37' title='bbox 1112 1032 1244 1099; x_wconf 87' lang='lat' dir='ltr'><strong>crimine</strong></span> <span class='ocrx_word' id='word_1_38' title='bbox 1268 1036 1432 1120; x_wconf 84' lang='lat' dir='ltr'><strong>agrestum</strong></span> 
     </span>
     <span class='ocr_line' id='line_1_7' title="bbox 565 1132 1455 1227; baseline -0.003 -22"><span class='ocrx_word' id='word_1_39' title='bbox 565 1140 693 1205; x_wconf 89' lang='lat' dir='ltr'><strong>fleuerit</strong></span> <span class='ocrx_word' id='word_1_40' title='bbox 715 1138 867 1225; x_wconf 86' lang='lat' dir='ltr'><strong>Icarium,</strong></span> <span class='ocrx_word' id='word_1_41' title='bbox 888 1140 1034 1227; x_wconf 87' lang='lat' dir='ltr'><strong>Phrygia</strong></span> <span class='ocrx_word' id='word_1_42' title='bbox 1058 1162 1154 1225; x_wconf 88' lang='lat' dir='ltr'><strong>quam</strong></span> <span class='ocrx_word' id='word_1_43' title='bbox 1177 1144 1266 1205; x_wconf 88' lang='lat' dir='ltr'><strong>turre</strong></span> <span class='ocrx_word' id='word_1_44' title='bbox 1289 1132 1455 1207; x_wconf 72' lang='lat' dir='ltr'><strong>cadentem</strong></span> 
     </span>
     <span class='ocr_line' id='line_1_8' title="bbox 564 1246 1411 1332; baseline -0.002 -19"><span class='ocrx_word' id='word_1_45' title='bbox 564 1248 762 1332; x_wconf 72' lang='lat' dir='ltr'><strong>Astyanacta</strong></span> <span class='ocrx_word' id='word_1_46' title='bbox 783 1268 911 1331; x_wconf 90' lang='lat' dir='ltr'><strong>parens:</strong></span> <span class='ocrx_word' id='word_1_47' title='bbox 939 1246 1055 1331; x_wconf 88' lang='lat' dir='ltr'><strong>laqueo</strong></span> <span class='ocrx_word' id='word_1_48' title='bbox 1079 1246 1158 1332; x_wconf 90' lang='lat' dir='ltr'><strong>quin</strong></span> <span class='ocrx_word' id='word_1_49' title='bbox 1181 1246 1237 1311; x_wconf 86' lang='lat' dir='ltr'><strong>illa</strong></span> <span class='ocrx_word' id='word_1_50' title='bbox 1260 1268 1411 1332; x_wconf 90' lang='lat' dir='ltr'><strong>supremo</strong></span> 
     </span>
     <span class='ocr_line' id='line_1_9' title="bbox 566 1353 1354 1441; baseline -0.004 -20"><span class='ocrx_word' id='word_1_51' title='bbox 566 1355 698 1421; x_wconf 84' lang='lat' dir='ltr'><strong>inclusit</strong></span> <span class='ocrx_word' id='word_1_52' title='bbox 719 1353 875 1441; x_wconf 83' lang='lat' dir='ltr'><strong>gemitus,</strong></span> <span class='ocrx_word' id='word_1_53' title='bbox 897 1358 930 1419; x_wconf 91' lang='lat' dir='ltr'><strong>at</strong></span> <span class='ocrx_word' id='word_1_54' title='bbox 954 1359 987 1419; x_wconf 91' lang='lat' dir='ltr'><strong>te</strong></span> <span class='ocrx_word' id='word_1_55' title='bbox 1010 1358 1086 1440; x_wconf 88' lang='lat' dir='ltr'><strong>post</strong></span> <span class='ocrx_word' id='word_1_56' title='bbox 1108 1354 1222 1419; x_wconf 82' lang='lat' dir='ltr'><strong>funera</strong></span> <span class='ocrx_word' id='word_1_57' title='bbox 1244 1353 1354 1440; x_wconf 83' lang='lat' dir='ltr'><strong>magni</strong></span> 
     </span>
     <span class='ocr_line' id='line_1_10' title="bbox 565 1459 1428 1545; baseline -0.002 -18"><span class='ocrx_word' id='word_1_58' title='bbox 565 1461 716 1527; x_wconf 80' lang='lat' dir='ltr'><strong>Hectoris</strong></span> <span class='ocrx_word' id='word_1_59' title='bbox 738 1461 920 1527; x_wconf 87' lang='lat' dir='ltr'><strong>Haemonio</strong></span> <span class='ocrx_word' id='word_1_60' title='bbox 942 1459 1048 1545; x_wconf 88' lang='lat' dir='ltr'><strong>pudor</strong></span> <span class='ocrx_word' id='word_1_61' title='bbox 1071 1464 1121 1526; x_wconf 89' lang='lat' dir='ltr'><strong>est</strong></span> <span class='ocrx_word' id='word_1_62' title='bbox 1143 1460 1280 1527; x_wconf 72' lang='lat' dir='ltr'><strong>sentisse</strong></span> <span class='ocrx_word' id='word_1_63' title='bbox 1304 1460 1428 1525; x_wconf 88' lang='lat' dir='ltr'><strong>marito.</strong></span> 
     </span>
     <span class='ocr_line' id='line_1_11' title="bbox 654 1567 1479 1655; baseline -0.001 -22"><span class='ocrx_word' id='word_1_64' title='bbox 654 1592 721 1634; x_wconf 91' lang='lat' dir='ltr'><strong>non</strong></span> <span class='ocrx_word' id='word_1_65' title='bbox 743 1591 818 1655; x_wconf 85' lang='lat' dir='ltr'><strong>ego,</strong></span> <span class='ocrx_word' id='word_1_66' title='bbox 841 1591 921 1653; x_wconf 89' lang='lat' dir='ltr'><strong>quas</strong></span> <span class='ocrx_word' id='word_1_67' title='bbox 943 1567 1004 1633; x_wconf 85' lang='lat' dir='ltr'><strong>fati</strong></span> <span class='ocrx_word' id='word_1_68' title='bbox 1027 1572 1134 1633; x_wconf 87' lang='lat' dir='ltr'><strong>certus</strong></span> <span class='ocrx_word' id='word_1_69' title='bbox 1152 1568 1217 1633; x_wconf 91' lang='lat' dir='ltr'><strong>sibi</strong></span> <span class='ocrx_word' id='word_1_70' title='bbox 1239 1572 1344 1633; x_wconf 90' lang='lat' dir='ltr'><strong>morte</strong></span> <span class='ocrx_word' id='word_1_71' title='bbox 1362 1589 1479 1633; x_wconf 89' lang='lat' dir='ltr'><strong>canora</strong></span> 
     </span>
     <span class='ocr_line' id='line_1_12' title="bbox 566 1674 1386 1762; baseline -0.002 -20"><span class='ocrx_word' id='word_1_72' title='bbox 566 1675 699 1742; x_wconf 82' lang='lat' dir='ltr'><strong>inferias</strong></span> <span class='ocrx_word' id='word_1_73' title='bbox 721 1675 904 1762; x_wconf 87' lang='lat' dir='ltr'><strong>praemittit</strong></span> <span class='ocrx_word' id='word_1_74' title='bbox 926 1675 998 1741; x_wconf 86' lang='lat' dir='ltr'><strong>olor</strong></span> <span class='ocrx_word' id='word_1_75' title='bbox 1020 1698 1079 1742; x_wconf 92' lang='lat' dir='ltr'><strong>nec</strong></span> <span class='ocrx_word' id='word_1_76' title='bbox 1102 1698 1182 1758; x_wconf 89' lang='lat' dir='ltr'><strong>rupe</strong></span> <span class='ocrx_word' id='word_1_77' title='bbox 1206 1674 1292 1761; x_wconf 90' lang='lat' dir='ltr'><strong>quod</strong></span> <span class='ocrx_word' id='word_1_78' title='bbox 1315 1680 1386 1741; x_wconf 87' lang='lat' dir='ltr'><strong>atra</strong></span> 
     </span>
     <span class='ocr_line' id='line_1_13' title="bbox 566 1782 1444 1869; baseline -0.002 -20"><span class='ocrx_word' id='word_1_79' title='bbox 566 1784 751 1869; x_wconf 79' lang='lat' dir='ltr'><strong>Tyrrhenae</strong></span> <span class='ocrx_word' id='word_1_80' title='bbox 774 1782 921 1849; x_wconf 88' lang='lat' dir='ltr'><strong>uolucres</strong></span> <span class='ocrx_word' id='word_1_81' title='bbox 943 1783 1052 1848; x_wconf 89' lang='lat' dir='ltr'><strong>nautis</strong></span> <span class='ocrx_word' id='word_1_82' title='bbox 1074 1782 1244 1867; x_wconf 77' lang='lat' dir='ltr'><strong>praedulce</strong></span> <span class='ocrx_word' id='word_1_83' title='bbox 1267 1783 1444 1869; x_wconf 85' lang='lat' dir='ltr'><strong>minantur,</strong></span> 
     </span>
     <span class='ocr_line' id='line_1_14' title="bbox 566 1889 1457 1977; baseline -0.001 -21"><span class='ocrx_word' id='word_1_84' title='bbox 566 1891 600 1956; x_wconf 93' lang='lat' dir='ltr'><strong>in</strong></span> <span class='ocrx_word' id='word_1_85' title='bbox 618 1891 741 1976; x_wconf 84' lang='lat' dir='ltr'><strong>patrios</strong></span> <span class='ocrx_word' id='word_1_86' title='bbox 759 1889 923 1956; x_wconf 82' lang='lat' dir='ltr'><strong>adhibebo</strong></span> <span class='ocrx_word' id='word_1_87' title='bbox 942 1912 1054 1977; x_wconf 83' lang='lat' dir='ltr'><strong>rogos,</strong></span> <span class='ocrx_word' id='word_1_88' title='bbox 1077 1914 1142 1957; x_wconf 91' lang='lat' dir='ltr'><strong>non</strong></span> <span class='ocrx_word' id='word_1_89' title='bbox 1160 1912 1323 1957; x_wconf 87' lang='lat' dir='ltr'><strong>murmure</strong></span> <span class='ocrx_word' id='word_1_90' title='bbox 1341 1894 1457 1956; x_wconf 87' lang='lat' dir='ltr'><strong>trunco</strong></span> 
     </span>
     <span class='ocr_line' id='line_1_15' title="bbox 567 1997 1466 2085; baseline -0.001 -22"><span class='ocrx_word' id='word_1_91' title='bbox 567 1998 653 2084; x_wconf 91' lang='lat' dir='ltr'><strong>quod</strong></span> <span class='ocrx_word' id='word_1_92' title='bbox 676 1998 779 2085; x_wconf 84' lang='lat' dir='ltr'><strong>gemit</strong></span> <span class='ocrx_word' id='word_1_93' title='bbox 802 2002 835 2062; x_wconf 93' lang='lat' dir='ltr'><strong>et</strong></span> <span class='ocrx_word' id='word_1_94' title='bbox 857 1997 955 2063; x_wconf 84' lang='lat' dir='ltr'><strong>durae</strong></span> <span class='ocrx_word' id='word_1_95' title='bbox 979 1997 1126 2083; x_wconf 90' lang='lat' dir='ltr'><strong>queritur</strong></span> <span class='ocrx_word' id='word_1_96' title='bbox 1147 1998 1328 2064; x_wconf 84' lang='lat' dir='ltr'><strong>Philomela</strong></span> <span class='ocrx_word' id='word_1_97' title='bbox 1350 1997 1466 2064; x_wconf 87' lang='lat' dir='ltr'><strong>sorori:</strong></span> 
     </span>
     <span class='ocr_line' id='line_1_16' title="bbox 567 2104 1421 2189; baseline -0.001 -18"><span class='ocrx_word' id='word_1_98' title='bbox 567 2110 646 2171; x_wconf 91' lang='lat' dir='ltr'><strong>nota</strong></span> <span class='ocrx_word' id='word_1_99' title='bbox 667 2104 765 2171; x_wconf 91' lang='lat' dir='ltr'><strong>nimis</strong></span> <span class='ocrx_word' id='word_1_100' title='bbox 787 2104 864 2170; x_wconf 88' lang='lat' dir='ltr'><strong>uati.</strong></span> <span class='ocrx_word' id='word_1_101' title='bbox 910 2104 984 2189; x_wconf 89' lang='lat' dir='ltr'><strong>quis</strong></span> <span class='ocrx_word' id='word_1_102' title='bbox 1007 2126 1072 2171; x_wconf 91' lang='lat' dir='ltr'><strong>non</strong></span> <span class='ocrx_word' id='word_1_103' title='bbox 1095 2106 1129 2171; x_wconf 91' lang='lat' dir='ltr'><strong>in</strong></span> <span class='ocrx_word' id='word_1_104' title='bbox 1152 2106 1264 2172; x_wconf 89' lang='lat' dir='ltr'><strong>funere</strong></span> <span class='ocrx_word' id='word_1_105' title='bbox 1287 2110 1421 2171; x_wconf 90' lang='lat' dir='ltr'><strong>cunctos</strong></span> 
     </span>
     <span class='ocr_line' id='line_1_17' title="bbox 567 2210 1401 2300; baseline 0 -23"><span class='ocrx_word' id='word_1_106' title='bbox 567 2211 739 2277; x_wconf 89' lang='lat' dir='ltr'><strong>Heliadum</strong></span> <span class='ocrx_word' id='word_1_107' title='bbox 762 2234 870 2277; x_wconf 87' lang='lat' dir='ltr'><strong>ramos</strong></span> <span class='ocrx_word' id='word_1_108' title='bbox 892 2210 1125 2299; x_wconf 82' lang='lat' dir='ltr'><strong>lacrimosaque</strong></span> <span class='ocrx_word' id='word_1_109' title='bbox 1148 2214 1294 2300; x_wconf 84' lang='lat' dir='ltr'><strong>germina</strong></span> <span class='ocrx_word' id='word_1_110' title='bbox 1317 2211 1401 2277; x_wconf 88' lang='lat' dir='ltr'><strong>dixit</strong></span> 
     </span>
     <span class='ocr_line' id='line_1_18' title="bbox 569 2318 1518 2406; baseline 0.001 -23"><span class='ocrx_word' id='word_1_111' title='bbox 569 2324 602 2385; x_wconf 94' lang='lat' dir='ltr'><strong>et</strong></span> <span class='ocrx_word' id='word_1_112' title='bbox 619 2318 799 2406; x_wconf 81' lang='lat' dir='ltr'><strong>Phrygium</strong></span> <span class='ocrx_word' id='word_1_113' title='bbox 818 2318 942 2383; x_wconf 90' lang='lat' dir='ltr'><strong>silicem</strong></span> <span class='ocrx_word' id='word_1_114' title='bbox 960 2322 1058 2405; x_wconf 84' lang='lat' dir='ltr'><strong>etque</strong></span> <span class='ocrx_word' id='word_1_115' title='bbox 1077 2342 1191 2386; x_wconf 89' lang='lat' dir='ltr'><strong>ausum</strong></span> <span class='ocrx_word' id='word_1_116' title='bbox 1210 2319 1370 2386; x_wconf 85' lang='lat' dir='ltr'><strong>contraria</strong></span> <span class='ocrx_word' id='word_1_117' title='bbox 1384 2318 1518 2385; x_wconf 94' lang='lat' dir='ltr'><strong>Phoebo</strong></span> 
     </span>
     <span class='ocr_line' id='line_1_19' title="bbox 569 2424 1338 2512; baseline 0.001 -20"><span class='ocrx_word' id='word_1_118' title='bbox 569 2426 711 2492; x_wconf 86' lang='lat' dir='ltr'><strong>carmina</strong></span> <span class='ocrx_word' id='word_1_119' title='bbox 731 2447 791 2491; x_wconf 87' lang='lat' dir='ltr'><strong>nec</strong></span> <span class='ocrx_word' id='word_1_120' title='bbox 814 2424 878 2491; x_wconf 86' lang='lat' dir='ltr'><strong>fida</strong></span> <span class='ocrx_word' id='word_1_121' title='bbox 900 2425 1047 2512; x_wconf 80' lang='lat' dir='ltr'><strong>gauisam</strong></span> <span class='ocrx_word' id='word_1_122' title='bbox 1070 2425 1203 2493; x_wconf 85' lang='lat' dir='ltr'><strong>Pallada</strong></span> <span class='ocrx_word' id='word_1_123' title='bbox 1227 2427 1338 2494; x_wconf 81' lang='lat' dir='ltr'><strong>buxo?</strong></span> 
     </span>
     <span class='ocr_line' id='line_1_20' title="bbox 568 2531 1338 2621; baseline 0.001 -23"><span class='ocrx_word' id='word_1_124' title='bbox 568 2538 602 2598; x_wconf 89' lang='lat' dir='ltr'><strong>te</strong></span> <span class='ocrx_word' id='word_1_125' title='bbox 624 2532 734 2598; x_wconf 83' lang='lat' dir='ltr'><strong>Pietas</strong></span> <span class='ocrx_word' id='word_1_126' title='bbox 757 2531 861 2598; x_wconf 84' lang='lat' dir='ltr'><strong>oblita</strong></span> <span class='ocrx_word' id='word_1_127' title='bbox 884 2531 990 2598; x_wconf 89' lang='lat' dir='ltr'><strong>uirum</strong></span> <span class='ocrx_word' id='word_1_128' title='bbox 1014 2537 1227 2621; x_wconf 76' lang='lat' dir='ltr'><strong>reuocataque</strong></span> <span class='ocrx_word' id='word_1_129' title='bbox 1250 2534 1338 2600; x_wconf 87' lang='lat' dir='ltr'><strong>caelo</strong></span> 
     </span>
     <span class='ocr_line' id='line_1_21' title="bbox 569 2638 1383 2728; baseline -0.001 -22"><span class='ocrx_word' id='word_1_130' title='bbox 569 2638 698 2706; x_wconf 88' lang='lat' dir='ltr'><strong>Iustitia</strong></span> <span class='ocrx_word' id='word_1_131' title='bbox 720 2644 755 2704; x_wconf 92' lang='lat' dir='ltr'><strong>et</strong></span> <span class='ocrx_word' id='word_1_132' title='bbox 776 2639 906 2726; x_wconf 84' lang='lat' dir='ltr'><strong>gemina</strong></span> <span class='ocrx_word' id='word_1_133' title='bbox 927 2638 1064 2727; x_wconf 83' lang='lat' dir='ltr'><strong>plangat</strong></span> <span class='ocrx_word' id='word_1_134' title='bbox 1086 2640 1250 2707; x_wconf 81' lang='lat' dir='ltr'><strong>Facundia</strong></span> <span class='ocrx_word' id='word_1_135' title='bbox 1271 2642 1383 2728; x_wconf 81' lang='lat' dir='ltr'><strong>lingua</strong></span> 
     </span>
     <span class='ocr_line' id='line_1_22' title="bbox 569 2744 1398 2835; baseline 0.002 -25"><span class='ocrx_word' id='word_1_136' title='bbox 569 2750 603 2810; x_wconf 90' lang='lat' dir='ltr'><strong>et</strong></span> <span class='ocrx_word' id='word_1_137' title='bbox 625 2745 733 2811; x_wconf 88' lang='lat' dir='ltr'><strong>Pallas</strong></span> <span class='ocrx_word' id='word_1_138' title='bbox 756 2744 906 2831; x_wconf 89' lang='lat' dir='ltr'><strong>doctique</strong></span> <span class='ocrx_word' id='word_1_139' title='bbox 929 2746 1045 2813; x_wconf 91' lang='lat' dir='ltr'><strong>cohors</strong></span> <span class='ocrx_word' id='word_1_140' title='bbox 1067 2745 1237 2813; x_wconf 89' lang='lat' dir='ltr'><strong>Heliconia</strong></span> <span class='ocrx_word' id='word_1_141' title='bbox 1259 2746 1398 2835; x_wconf 85' lang='lat' dir='ltr'><strong>Phoebi,</strong></span> 
     </span>
     <span class='ocr_line' id='line_1_23' title="bbox 571 2852 1404 2940; baseline 0.002 -21"><span class='ocrx_word' id='word_1_142' title='bbox 571 2854 644 2939; x_wconf 90' lang='lat' dir='ltr'><strong>quis</strong></span> <span class='ocrx_word' id='word_1_143' title='bbox 666 2853 760 2919; x_wconf 87' lang='lat' dir='ltr'><strong>labor</strong></span> <span class='ocrx_word' id='word_1_144' title='bbox 781 2852 906 2920; x_wconf 85' lang='lat' dir='ltr'><strong>Aonios</strong></span> <span class='ocrx_word' id='word_1_145' title='bbox 927 2876 1005 2920; x_wconf 90' lang='lat' dir='ltr'><strong>seno</strong></span> <span class='ocrx_word' id='word_1_146' title='bbox 1029 2854 1111 2939; x_wconf 90' lang='lat' dir='ltr'><strong>pede</strong></span> <span class='ocrx_word' id='word_1_147' title='bbox 1134 2854 1249 2920; x_wconf 90' lang='lat' dir='ltr'><strong>ducere</strong></span> <span class='ocrx_word' id='word_1_148' title='bbox 1272 2877 1404 2940; x_wconf 87' lang='lat' dir='ltr'><strong>campos</strong></span> 
     </span>
     <span class='ocr_line' id='line_1_24' title="bbox 571 2960 1387 3047; baseline 0.001 -21"><span class='ocrx_word' id='word_1_149' title='bbox 571 2966 605 3026; x_wconf 89' lang='lat' dir='ltr'><strong>et</strong></span> <span class='ocrx_word' id='word_1_150' title='bbox 627 2961 747 3047; x_wconf 87' lang='lat' dir='ltr'><strong>quibus</strong></span> <span class='ocrx_word' id='word_1_151' title='bbox 769 2960 908 3027; x_wconf 73' lang='lat' dir='ltr'><strong>Areadm</strong></span> <span class='ocrx_word' id='word_1_152' title='bbox 930 2982 1060 3027; x_wconf 86' lang='lat' dir='ltr'><strong>carmen</strong></span> <span class='ocrx_word' id='word_1_153' title='bbox 1083 2961 1244 3027; x_wconf 88' lang='lat' dir='ltr'><strong>testudine</strong></span> <span class='ocrx_word' id='word_1_154' title='bbox 1267 2962 1387 3027; x_wconf 89' lang='lat' dir='ltr'><strong>mensis</strong></span> 
     </span>
     <span class='ocr_line' id='line_1_25' title="bbox 570 3068 1482 3153; baseline 0 -18"><span class='ocrx_word' id='word_1_155' title='bbox 570 3091 646 3135; x_wconf 90' lang='lat' dir='ltr'><strong>cura</strong></span> <span class='ocrx_word' id='word_1_156' title='bbox 663 3068 752 3153; x_wconf 91' lang='lat' dir='ltr'><strong>lyrae</strong></span> <span class='ocrx_word' id='word_1_157' title='bbox 770 3090 952 3153; x_wconf 85' lang='lat' dir='ltr'><strong>nomenque</strong></span> <span class='ocrx_word' id='word_1_158' title='bbox 971 3068 1034 3133; x_wconf 87' lang='lat' dir='ltr'><strong>fuit</strong></span> <span class='ocrx_word' id='word_1_159' title='bbox 1053 3090 1197 3153; x_wconf 90' lang='lat' dir='ltr'><strong>quosque</strong></span> <span class='ocrx_word' id='word_1_160' title='bbox 1217 3070 1296 3134; x_wconf 89' lang='lat' dir='ltr'><strong>orbe</strong></span> <span class='ocrx_word' id='word_1_161' title='bbox 1314 3070 1375 3135; x_wconf 91' lang='lat' dir='ltr'><strong>sub</strong></span> <span class='ocrx_word' id='word_1_162' title='bbox 1395 3071 1482 3135; x_wconf 89' lang='lat' dir='ltr'><strong>omni</strong></span> 
     </span>
     <span class='ocr_line' id='line_1_26' title="bbox 570 3174 1313 3266; baseline 0 -25"><span class='ocrx_word' id='word_1_163' title='bbox 570 3176 670 3242; x_wconf 86' lang='lat' dir='ltr'><strong>ardua</strong></span> <span class='ocrx_word' id='word_1_164' title='bbox 693 3180 830 3262; x_wconf 88' lang='lat' dir='ltr'><strong>septena</strong></span> <span class='ocrx_word' id='word_1_165' title='bbox 850 3180 1001 3241; x_wconf 89' lang='lat' dir='ltr'><strong>numerat</strong></span> <span class='ocrx_word' id='word_1_166' title='bbox 1024 3174 1191 3261; x_wconf 82' lang='lat' dir='ltr'><strong>Sapientia</strong></span> <span class='ocrx_word' id='word_1_167' title='bbox 1213 3178 1313 3266; x_wconf 82' lang='lat' dir='ltr'><strong>fama,</strong></span> 
     </span>
     <span class='ocr_line' id='line_1_27' title="bbox 571 3283 1411 3370; baseline 0.001 -21"><span class='ocrx_word' id='word_1_168' title='bbox 571 3284 626 3367; x_wconf 90' lang='lat' dir='ltr'><strong>qui</strong></span> <span class='ocrx_word' id='word_1_169' title='bbox 649 3283 764 3349; x_wconf 81' lang='lat' dir='ltr'><strong>Furias</strong></span> <span class='ocrx_word' id='word_1_170' title='bbox 786 3305 965 3370; x_wconf 81' lang='lat' dir='ltr'><strong>regumque</strong></span> <span class='ocrx_word' id='word_1_171' title='bbox 989 3283 1100 3349; x_wconf 88' lang='lat' dir='ltr'><strong>domos</strong></span> <span class='ocrx_word' id='word_1_172' title='bbox 1123 3305 1299 3369; x_wconf 87' lang='lat' dir='ltr'><strong>auersaque</strong></span> <span class='ocrx_word' id='word_1_173' title='bbox 1323 3284 1411 3350; x_wconf 91' lang='lat' dir='ltr'><strong>caelo</strong></span> 
     </span>
     <span class='ocr_line' id='line_1_28' title="bbox 571 3390 1346 3479; baseline 0.004 -24"><span class='ocrx_word' id='word_1_174' title='bbox 571 3391 676 3456; x_wconf 87' lang='lat' dir='ltr'><strong>sidera</strong></span> <span class='ocrx_word' id='word_1_175' title='bbox 698 3390 838 3457; x_wconf 87' lang='lat' dir='ltr'><strong>terrifico</strong></span> <span class='ocrx_word' id='word_1_176' title='bbox 861 3412 960 3476; x_wconf 90' lang='lat' dir='ltr'><strong>super</strong></span> <span class='ocrx_word' id='word_1_177' title='bbox 982 3390 1151 3457; x_wconf 87' lang='lat' dir='ltr'><strong>intonuere</strong></span> <span class='ocrx_word' id='word_1_178' title='bbox 1175 3390 1346 3479; x_wconf 86' lang='lat' dir='ltr'><strong>cothurno,</strong></span> 
     </span>
     <span class='ocr_line' id='line_1_29' title="bbox 573 3497 1232 3583; baseline 0 -20"><span class='ocrx_word' id='word_1_179' title='bbox 573 3502 607 3563; x_wconf 90' lang='lat' dir='ltr'><strong>et</strong></span> <span class='ocrx_word' id='word_1_180' title='bbox 629 3498 685 3583; x_wconf 92' lang='lat' dir='ltr'><strong>qui</strong></span> <span class='ocrx_word' id='word_1_181' title='bbox 707 3498 830 3564; x_wconf 88' lang='lat' dir='ltr'><strong>lasciua</strong></span> <span class='ocrx_word' id='word_1_182' title='bbox 853 3498 939 3564; x_wconf 90' lang='lat' dir='ltr'><strong>uires</strong></span> <span class='ocrx_word' id='word_1_183' title='bbox 962 3502 1094 3563; x_wconf 90' lang='lat' dir='ltr'><strong>tenuere</strong></span> <span class='ocrx_word' id='word_1_184' title='bbox 1117 3497 1232 3564; x_wconf 82' lang='lat' dir='ltr'><strong>Thalia</strong></span> 
     </span>
     <span class='ocr_line' id='line_1_30' title="bbox 574 3605 1336 3693; baseline 0.005 -24"><span class='ocrx_word' id='word_1_185' title='bbox 574 3605 667 3671; x_wconf 89' lang='lat' dir='ltr'><strong>dulce</strong></span> <span class='ocrx_word' id='word_1_186' title='bbox 689 3605 744 3671; x_wconf 91' lang='lat' dir='ltr'><strong>uel</strong></span> <span class='ocrx_word' id='word_1_187' title='bbox 765 3606 882 3671; x_wconf 89' lang='lat' dir='ltr'><strong>heroos</strong></span> <span class='ocrx_word' id='word_1_188' title='bbox 904 3628 1018 3693; x_wconf 82' lang='lat' dir='ltr'><strong>gressu</strong></span> <span class='ocrx_word' id='word_1_189' title='bbox 1042 3610 1191 3672; x_wconf 86' lang='lat' dir='ltr'><strong>truncare</strong></span> <span class='ocrx_word' id='word_1_190' title='bbox 1214 3607 1336 3673; x_wconf 86' lang='lat' dir='ltr'><strong>leones:</strong></span> 
     </span>
    </p>
   </div>
   <div class='ocr_carea' id='block_1_3' title="bbox 360 3817 1696 4333">
    <p class='ocr_par' dir='ltr' id='par_1_3' title="bbox 360 3817 1696 4333">
     <span class='ocr_line' id='line_1_31' title="bbox 450 3817 1693 3890; baseline 0 -17"><span class='ocrx_word' id='word_1_191' title='bbox 450 3825 482 3873; x_wconf 80' lang='grc'>91</span> <span class='ocrx_word' id='word_1_192' title='bbox 503 3820 586 3873; x_wconf 84' lang='lat' dir='ltr'><strong>funus</strong></span> <span class='ocrx_word' id='word_1_193' title='bbox 604 3820 667 3875; x_wconf 84' lang='lat' dir='ltr'><strong>erat</strong></span> <span class='ocrx_word' id='word_1_194' title='bbox 683 3824 707 3872; x_wconf 77' lang='lat' dir='ltr'>B</span> <span class='ocrx_word' id='word_1_195' title='bbox 732 3850 765 3858; x_wconf 94' lang='grc'>-</span> <span class='ocrx_word' id='word_1_196' title='bbox 791 3834 843 3872; x_wconf 87' lang='lat' dir='ltr'><strong>nec</strong></span> <span class='ocrx_word' id='word_1_197' title='bbox 860 3817 931 3871; x_wconf 89' lang='lat' dir='ltr'><strong>mihi</strong></span> <span class='ocrx_word' id='word_1_198' title='bbox 951 3836 965 3871; x_wconf 86' lang='lat' dir='ltr'><strong>c</strong></span> <span class='ocrx_word' id='word_1_199' title='bbox 984 3850 1017 3858; x_wconf 96' lang='lat'>—</span> <span class='ocrx_word' id='word_1_200' title='bbox 1042 3824 1075 3872; x_wconf 84' lang='grc'>79</span> <span class='ocrx_word' id='word_1_201' title='bbox 1094 3817 1124 3873; x_wconf 89' lang='lat' dir='ltr'><strong>in</strong></span> <span class='ocrx_word' id='word_1_202' title='bbox 1143 3818 1218 3873; x_wconf 86' lang='lat' dir='ltr'><strong>insta</strong></span> <span class='ocrx_word' id='word_1_203' title='bbox 1236 3818 1416 3875; x_wconf 73' lang='lat' dir='ltr'><strong>Boxbome&#39;us</strong></span> <span class='ocrx_word' id='word_1_204' title='bbox 1438 3850 1472 3859; x_wconf 92' lang='lat'><strong>-—</strong></span> <span class='ocrx_word' id='word_1_205' title='bbox 1497 3824 1529 3873; x_wconf 79' lang='grc'><strong>99</strong></span> <span class='ocrx_word' id='word_1_206' title='bbox 1550 3834 1693 3890; x_wconf 85' lang='lat' dir='ltr'><strong>supremos</strong></span> 
     </span>
     <span class='ocr_line' id='line_1_32' title="bbox 360 3908 1694 3979; baseline -0.003 -14"><span class='ocrx_word' id='word_1_207' title='bbox 360 3910 420 3965; x_wconf 71' lang='lat' dir='ltr'><strong>cdd·</strong></span> <span class='ocrx_word' id='word_1_208' title='bbox 443 3940 477 3949; x_wconf 92' lang='lat'>—</span> <span class='ocrx_word' id='word_1_209' title='bbox 501 3912 535 3962; x_wconf 86' lang='grc'><strong>89</strong></span> <span class='ocrx_word' id='word_1_210' title='bbox 554 3924 696 3963; x_wconf 86' lang='lat' dir='ltr'><strong>murmure</strong></span> <span class='ocrx_word' id='word_1_211' title='bbox 713 3912 840 3962; x_wconf 79' lang='lat' dir='ltr'><strong>raucoB</strong></span> <span class='ocrx_word' id='word_1_212' title='bbox 863 3940 897 3949; x_wconf 90' lang='lat'>-</span> <span class='ocrx_word' id='word_1_213' title='bbox 921 3910 956 3961; x_wconf 81' lang='lat'><strong>85</strong></span> <span class='ocrx_word' id='word_1_214' title='bbox 975 3909 1057 3975; x_wconf 85' lang='lat' dir='ltr'><strong>uata;</strong></span> <span class='ocrx_word' id='word_1_215' title='bbox 1075 3924 1143 3963; x_wconf 84' lang='lat' dir='ltr'><strong>corr.</strong></span> <span class='ocrx_word' id='word_1_216' title='bbox 1164 3926 1178 3961; x_wconf 86' lang='lat' dir='ltr'><strong>c</strong></span> <span class='ocrx_word' id='word_1_217' title='bbox 1205 3940 1240 3949; x_wconf 94' lang='lat'>—</span> <span class='ocrx_word' id='word_1_218' title='bbox 1268 3910 1367 3963; x_wconf 87' lang='lat' dir='ltr'><strong>caneto</strong></span> <span class='ocrx_word' id='word_1_219' title='bbox 1386 3909 1478 3978; x_wconf 79' lang='lat' dir='ltr'><strong>(ettam</strong></span> <span class='ocrx_word' id='word_1_220' title='bbox 1495 3908 1573 3979; x_wconf 73' lang='lat' dir='ltr'><strong>A⁸?);</strong></span> <span class='ocrx_word' id='word_1_221' title='bbox 1591 3925 1660 3963; x_wconf 82' lang='lat' dir='ltr'><strong>corr.</strong></span> <span class='ocrx_word' id='word_1_222' title='bbox 1680 3925 1694 3961; x_wconf 85' lang='grc' dir='ltr'><strong>ο</strong></span> 
     </span>
     <span class='ocr_line' id='line_1_33' title="bbox 361 3995 1695 4067; baseline -0.001 -14"><span class='ocrx_word' id='word_1_223' title='bbox 361 4030 395 4040; x_wconf 90' lang='grc'><strong>-</strong></span> <span class='ocrx_word' id='word_1_224' title='bbox 423 4003 458 4053; x_wconf 88' lang='grc'><strong>88</strong></span> <span class='ocrx_word' id='word_1_225' title='bbox 485 4014 537 4052; x_wconf 88' lang='lat' dir='ltr'><strong>nec</strong></span> <span class='ocrx_word' id='word_1_226' title='bbox 559 3996 644 4052; x_wconf 82' lang='lat' dir='ltr'><strong>foeda</strong></span> <span class='ocrx_word' id='word_1_227' title='bbox 662 3996 798 4053; x_wconf 57' lang='lat' dir='ltr'><strong>Heinius</strong></span> <span class='ocrx_word' id='word_1_228' title='bbox 825 4028 859 4037; x_wconf 90' lang='lat'><em>-</em></span> <span class='ocrx_word' id='word_1_229' title='bbox 887 4000 921 4051; x_wconf 84' lang='grc'><strong>99</strong></span> <span class='ocrx_word' id='word_1_230' title='bbox 949 3995 1021 4067; x_wconf 89' lang='lat' dir='ltr'><strong>pede</strong></span> <span class='ocrx_word' id='word_1_231' title='bbox 1045 4012 1154 4051; x_wconf 79' lang='lat' dir='ltr'><strong>camere</strong></span> <span class='ocrx_word' id='word_1_232' title='bbox 1172 3996 1308 4053; x_wconf 68' lang='lat' dir='ltr'><strong>Heleaehes</strong></span> <span class='ocrx_word' id='word_1_233' title='bbox 1339 3996 1440 4051; x_wconf 86' lang='lat' dir='ltr'><strong>ducere</strong></span> <span class='ocrx_word' id='word_1_234' title='bbox 1462 3999 1563 4053; x_wconf 84' lang='lat' dir='ltr'><strong>cantus</strong></span> <span class='ocrx_word' id='word_1_235' title='bbox 1591 3999 1695 4053; x_wconf 80' lang='lat' dir='ltr'><strong>amicae</strong></span> 
     </span>
     <span class='ocr_line' id='line_1_34' title="bbox 360 4084 1695 4160; baseline -0.003 -17"><span class='ocrx_word' id='word_1_236' title='bbox 360 4089 475 4160; x_wconf 71' lang='lat' dir='ltr'><strong>quidam</strong></span> <span class='ocrx_word' id='word_1_237' title='bbox 499 4087 636 4142; x_wconf 78' lang='lat' dir='ltr'><strong>Groaoaii</strong></span> <span class='ocrx_word' id='word_1_238' title='bbox 666 4118 702 4126; x_wconf 96' lang='lat'><em>-</em></span> <span class='ocrx_word' id='word_1_239' title='bbox 734 4091 769 4141; x_wconf 82' lang='grc'>94</span> <span class='ocrx_word' id='word_1_240' title='bbox 796 4084 955 4155; x_wconf 90' lang='lat' dir='ltr'><strong>ciclalyben</strong></span> <span class='ocrx_word' id='word_1_241' title='bbox 973 4104 991 4138; x_wconf 73' lang='lat' dir='ltr'><strong>a</strong></span> <span class='ocrx_word' id='word_1_242' title='bbox 1026 4084 1186 4155; x_wconf 80' lang='lat' dir='ltr'><strong>cydalibem</strong></span> <span class='ocrx_word' id='word_1_243' title='bbox 1204 4090 1337 4139; x_wconf 73' lang='lat' dir='ltr'><strong>Hm</strong></span> <span class='ocrx_word' id='word_1_244' title='bbox 1371 4084 1449 4155; x_wconf 82' lang='lat' dir='ltr'><strong>Cyda</strong></span> <span class='ocrx_word' id='word_1_245' title='bbox 1471 4084 1552 4141; x_wconf 90' lang='lat' dir='ltr'><strong>labor</strong></span> <span class='ocrx_word' id='word_1_246' title='bbox 1571 4104 1585 4139; x_wconf 87' lang='lat' dir='ltr'><strong>c</strong></span> <span class='ocrx_word' id='word_1_247' title='bbox 1617 4086 1695 4141; x_wconf 81' lang='lat' dir='ltr'><strong>Cirta</strong></span> 
     </span>
     <span class='ocr_line' id='line_1_35' title="bbox 362 4174 1696 4245; baseline -0.001 -14"><span class='ocrx_word' id='word_1_248' title='bbox 362 4178 522 4233; x_wconf 63' lang='lat' dir='ltr'><strong>Patalam</strong></span> <span class='ocrx_word' id='word_1_249' title='bbox 545 4192 613 4231; x_wconf 86' lang='lat' dir='ltr'><strong>cara</strong></span> <span class='ocrx_word' id='word_1_250' title='bbox 630 4176 709 4245; x_wconf 87' lang='lat' dir='ltr'><strong>lyrae</strong></span> <span class='ocrx_word' id='word_1_251' title='bbox 724 4174 883 4232; x_wconf 77' lang='lat' dir='ltr'><strong>Gronoaias</strong></span> <span class='ocrx_word' id='word_1_252' title='bbox 902 4191 970 4231; x_wconf 89' lang='lat' dir='ltr'><strong>cura</strong></span> <span class='ocrx_word' id='word_1_253' title='bbox 983 4174 1043 4243; x_wconf 85' lang='lat' dir='ltr'><strong>lyre</strong></span> <span class='ocrx_word' id='word_1_254' title='bbox 1058 4174 1246 4231; x_wconf 65' lang='lat' dir='ltr'><strong>Maracanda</strong></span> <span class='ocrx_word' id='word_1_255' title='bbox 1264 4206 1298 4215; x_wconf 95' lang='lat'>—</span> <span class='ocrx_word' id='word_1_256' title='bbox 1318 4180 1352 4229; x_wconf 90' lang='grc'><strong>98</strong></span> <span class='ocrx_word' id='word_1_257' title='bbox 1370 4176 1401 4230; x_wconf 86' lang='lat' dir='ltr'><strong>et</strong></span> <span class='ocrx_word' id='word_1_258' title='bbox 1416 4174 1508 4243; x_wconf 76' lang='lat' dir='ltr'><strong>quise</strong></span> <span class='ocrx_word' id='word_1_259' title='bbox 1527 4208 1560 4216; x_wconf 93' lang='lat'><em>-</em></span> <span class='ocrx_word' id='word_1_260' title='bbox 1579 4178 1696 4231; x_wconf 73' lang='lat' dir='ltr'><strong>teneam</strong></span> 
     </span>
     <span class='ocr_line' id='line_1_36' title="bbox 363 4264 1317 4333; baseline -0.003 -12"><span class='ocrx_word' id='word_1_261' title='bbox 363 4268 523 4325; x_wconf 74' lang='lat' dir='ltr'><strong>Politionae</strong></span> <span class='ocrx_word' id='word_1_262' title='bbox 540 4298 575 4307; x_wconf 89' lang='lat'>-</span> <span class='ocrx_word' id='word_1_263' title='bbox 597 4270 631 4320; x_wconf 92' lang='grc'><strong>99</strong></span> <span class='ocrx_word' id='word_1_264' title='bbox 650 4280 745 4333; x_wconf 76' lang='lat' dir='ltr'><strong>oroos3</strong></span> <span class='ocrx_word' id='word_1_265' title='bbox 767 4264 905 4319; x_wconf 73' lang='lat' dir='ltr'><strong>heroosn</strong></span> <span class='ocrx_word' id='word_1_266' title='bbox 923 4295 958 4305; x_wconf 96' lang='lat'><em>-</em></span> <span class='ocrx_word' id='word_1_267' title='bbox 977 4268 1107 4319; x_wconf 87' lang='lat' dir='ltr'><strong>truncare</strong></span> <span class='ocrx_word' id='word_1_268' title='bbox 1125 4266 1235 4319; x_wconf 84' lang='lat' dir='ltr'><strong>tenores</strong></span> <span class='ocrx_word' id='word_1_269' title='bbox 1250 4283 1264 4318; x_wconf 83' lang='lat' dir='ltr'><strong>c</strong></span> <span class='ocrx_word' id='word_1_270' title='bbox 1282 4296 1317 4305; x_wconf 93' lang='lat'>—</span> 
     </span>
    </p>
   </div>
   <div class='ocr_carea' id='block_1_4' title="bbox 451 4460 1695 4531">
    <p class='ocr_par' dir='ltr' id='par_1_4' title="bbox 451 4460 1695 4531">
     <span class='ocr_line' id='line_1_37' title="bbox 451 4460 1695 4531; baseline 0 -15"><span class='ocrx_word' id='word_1_271' title='bbox 451 4467 484 4516; x_wconf 80' lang='grc'>91</span> <span class='ocrx_word' id='word_1_272' title='bbox 512 4462 563 4518; x_wconf 85' lang='lat' dir='ltr'><strong>Oa.</strong></span> <span class='ocrx_word' id='word_1_273' title='bbox 583 4460 666 4517; x_wconf 85' lang='lat' dir='ltr'><strong>Trist.</strong></span> <span class='ocrx_word' id='word_1_274' title='bbox 682 4461 707 4527; x_wconf 77' lang='lat' dir='ltr'>Y</span> <span class='ocrx_word' id='word_1_275' title='bbox 721 4466 791 4516; x_wconf 82' lang='grc'>1.14</span> <span class='ocrx_word' id='word_1_276' title='bbox 822 4460 908 4515; x_wconf 81' lang='lat' dir='ltr'><strong>funos</strong></span> <span class='ocrx_word' id='word_1_277' title='bbox 932 4462 981 4515; x_wconf 88' lang='lat' dir='ltr'><strong>eat</strong></span> <span class='ocrx_word' id='word_1_278' title='bbox 1005 4462 1040 4529; x_wconf 80' lang='lat' dir='ltr'><strong>cs.</strong></span> <span class='ocrx_word' id='word_1_279' title='bbox 1066 4460 1287 4515; x_wconf 67' lang='lat' dir='ltr'><strong>alienantes</strong></span> <span class='ocrx_word' id='word_1_280' title='bbox 1312 4461 1372 4531; x_wconf 87' lang='lat' dir='ltr'><strong>(eat</strong></span> <span class='ocrx_word' id='word_1_281' title='bbox 1393 4460 1415 4513; x_wconf 90' lang='lat' dir='ltr'>P</span> <span class='ocrx_word' id='word_1_282' title='bbox 1433 4461 1519 4529; x_wconf 81' lang='lat' dir='ltr'><strong>solae,</strong></span> <span class='ocrx_word' id='word_1_283' title='bbox 1550 4464 1612 4515; x_wconf 84' lang='lat' dir='ltr'><strong>erat</strong></span> <span class='ocrx_word' id='word_1_284' title='bbox 1636 4466 1695 4517; x_wconf 81' lang='lat' dir='ltr'><strong>cett.</strong></span> 
     </span>
    </p>
   </div>
   <div class='ocr_carea' id='block_1_5' title="bbox 251 4522 1695 4623">
    <p class='ocr_par' dir='ltr' id='par_1_5' title="bbox 251 4522 1695 4623">
     <span class='ocr_line' id='line_1_38' title="bbox 251 4522 1695 4623; baseline -0.004 -14"><span class='ocrx_word' id='word_1_285' title='bbox 251 4522 255 4527; x_wconf 19' lang='grc' dir='ltr'>ι</span> <span class='ocrx_word' id='word_1_286' title='bbox 361 4554 450 4623; x_wconf 83' lang='lat' dir='ltr'><strong>codd.)</strong></span> <span class='ocrx_word' id='word_1_287' title='bbox 468 4584 502 4593; x_wconf 89' lang='lat'>-</span> <span class='ocrx_word' id='word_1_288' title='bbox 522 4557 555 4606; x_wconf 82' lang='grc'><strong>72</strong></span> <span class='ocrx_word' id='word_1_289' title='bbox 574 4550 632 4607; x_wconf 87' lang='lat' dir='ltr'><strong>lim.</strong></span> <span class='ocrx_word' id='word_1_290' title='bbox 646 4569 688 4621; x_wconf 85' lang='lat' dir='ltr'><strong>pr.</strong></span> <span class='ocrx_word' id='word_1_291' title='bbox 702 4552 737 4618; x_wconf 74' lang='lat' dir='ltr'><strong>cf.</strong></span> <span class='ocrx_word' id='word_1_292' title='bbox 752 4552 790 4606; x_wconf 82' lang='lat' dir='ltr'><strong>cd</strong></span> <span class='ocrx_word' id='word_1_293' title='bbox 808 4550 917 4605; x_wconf 80' lang='lat' dir='ltr'><strong>vaae</strong></span> <span class='ocrx_word' id='word_1_294' title='bbox 936 4582 971 4591; x_wconf 84' lang='lat'>-</span> <span class='ocrx_word' id='word_1_295' title='bbox 990 4556 1092 4619; x_wconf 87' lang='lat' dir='ltr'><strong>80sqq.</strong></span> <span class='ocrx_word' id='word_1_296' title='bbox 1111 4551 1146 4617; x_wconf 82' lang='lat' dir='ltr'><strong>cf.</strong></span> <span class='ocrx_word' id='word_1_297' title='bbox 1161 4550 1200 4603; x_wconf 91' lang='lat'><strong>111</strong></span> <span class='ocrx_word' id='word_1_298' title='bbox 1214 4555 1301 4606; x_wconf 70' lang='grc'>9179</span> <span class='ocrx_word' id='word_1_299' title='bbox 1310 4568 1369 4619; x_wconf 84' lang='lat' dir='ltr'><strong>sqq.</strong></span> <span class='ocrx_word' id='word_1_300' title='bbox 1388 4551 1438 4607; x_wconf 69' lang='lat' dir='ltr'><strong>eoi</strong></span> <span class='ocrx_word' id='word_1_301' title='bbox 1456 4568 1482 4605; x_wconf 87' lang='lat' dir='ltr'><strong>u.</strong></span> <span class='ocrx_word' id='word_1_302' title='bbox 1499 4556 1550 4605; x_wconf 77' lang='lat'><strong>175</strong></span> <span class='ocrx_word' id='word_1_303' title='bbox 1568 4550 1622 4605; x_wconf 82' lang='lat' dir='ltr'><strong>lati</strong></span> <span class='ocrx_word' id='word_1_304' title='bbox 1638 4550 1695 4605; x_wconf 88' lang='lat' dir='ltr'><strong>iam</strong></span> 
     </span>
    </p>
   </div>
   <div class='ocr_carea' id='block_1_6' title="bbox 362 4638 1697 4979">
    <p class='ocr_par' dir='ltr' id='par_1_6' title="bbox 362 4638 1697 4979">
     <span class='ocr_line' id='line_1_39' title="bbox 362 4638 1696 4698; baseline -0.003 -1"><span class='ocrx_word' id='word_1_305' title='bbox 362 4646 454 4698; x_wconf 85' lang='lat' dir='ltr'><strong>certus</strong></span> <span class='ocrx_word' id='word_1_306' title='bbox 472 4642 533 4697; x_wconf 89' lang='lat' dir='ltr'><strong>olor</strong></span> <span class='ocrx_word' id='word_1_307' title='bbox 556 4672 590 4681; x_wconf 91' lang='lat'>-</span> <span class='ocrx_word' id='word_1_308' title='bbox 614 4645 648 4694; x_wconf 84' lang='grc'><strong>89</strong></span> <span class='ocrx_word' id='word_1_309' title='bbox 667 4638 755 4694; x_wconf 80' lang='lat' dir='ltr'><strong>Theb.</strong></span> <span class='ocrx_word' id='word_1_310' title='bbox 769 4638 834 4693; x_wconf 85' lang='lat' dir='ltr'><strong>VIII</strong></span> <span class='ocrx_word' id='word_1_311' title='bbox 848 4644 900 4693; x_wconf 83' lang='grc'>619</span> <span class='ocrx_word' id='word_1_312' title='bbox 922 4642 1053 4693; x_wconf 86' lang='lat' dir='ltr'><strong>truncum</strong></span> <span class='ocrx_word' id='word_1_313' title='bbox 1071 4656 1106 4693; x_wconf 89' lang='lat' dir='ltr'><strong>ac</strong></span> <span class='ocrx_word' id='word_1_314' title='bbox 1123 4638 1217 4693; x_wconf 90' lang='lat' dir='ltr'><strong>flebile</strong></span> <span class='ocrx_word' id='word_1_315' title='bbox 1235 4656 1360 4694; x_wconf 87' lang='lat' dir='ltr'><strong>murmur</strong></span> <span class='ocrx_word' id='word_1_316' title='bbox 1377 4638 1428 4695; x_wconf 87' lang='lat' dir='ltr'><strong>XII</strong></span> <span class='ocrx_word' id='word_1_317' title='bbox 1442 4645 1494 4695; x_wconf 80' lang='grc'>479</span> <span class='ocrx_word' id='word_1_318' title='bbox 1522 4641 1621 4693; x_wconf 88' lang='lat' dir='ltr'><strong>trunco</strong></span> <span class='ocrx_word' id='word_1_319' title='bbox 1640 4654 1696 4693; x_wconf 86' lang='lat' dir='ltr'><strong>ser-</strong></span> 
     </span>
     <span class='ocr_line' id='line_1_40' title="bbox 362 4727 1696 4801; baseline -0.004 -15"><span class='ocrx_word' id='word_1_320' title='bbox 362 4748 444 4787; x_wconf 87' lang='lat' dir='ltr'><strong>mone</strong></span> <span class='ocrx_word' id='word_1_321' title='bbox 462 4738 606 4801; x_wconf 69' lang='lat' dir='ltr'><strong>almaque</strong></span> <span class='ocrx_word' id='word_1_322' title='bbox 619 4730 652 4784; x_wconf 77' lang='lat' dir='ltr'><strong>dc</strong></span> <span class='ocrx_word' id='word_1_323' title='bbox 665 4730 791 4785; x_wconf 64' lang='lat' dir='ltr'><strong>laedatis</strong></span> <span class='ocrx_word' id='word_1_324' title='bbox 808 4760 843 4768; x_wconf 87' lang='lat'><em>-</em></span> <span class='ocrx_word' id='word_1_325' title='bbox 862 4734 897 4781; x_wconf 86' lang='grc'><strong>86</strong></span> <span class='ocrx_word' id='word_1_326' title='bbox 911 4727 980 4783; x_wconf 85' lang='lat' dir='ltr'><strong>Situ.</strong></span> <span class='ocrx_word' id='word_1_327' title='bbox 994 4728 1007 4781; x_wconf 88' lang='grc' dir='ltr'>Ι</span> <span class='ocrx_word' id='word_1_328' title='bbox 1022 4734 1046 4783; x_wconf 79' lang='grc'>9.</span> <span class='ocrx_word' id='word_1_329' title='bbox 1058 4733 1108 4781; x_wconf 83' lang='grc'>193</span> <span class='ocrx_word' id='word_1_330' title='bbox 1128 4728 1297 4798; x_wconf 83' lang='lat' dir='ltr'><strong>Clymenaee</strong></span> <span class='ocrx_word' id='word_1_331' title='bbox 1307 4772 1313 4784; x_wconf 90' lang='lat'>.</span> <span class='ocrx_word' id='word_1_332' title='bbox 1325 4772 1331 4783; x_wconf 90' lang='lat'><em>.</em></span> <span class='ocrx_word' id='word_1_333' title='bbox 1343 4772 1349 4785; x_wconf 91' lang='lat'><em>.</em></span> <span class='ocrx_word' id='word_1_334' title='bbox 1360 4728 1488 4799; x_wconf 78' lang='lat' dir='ltr'><strong>germina</strong></span> <span class='ocrx_word' id='word_1_335' title='bbox 1506 4728 1593 4783; x_wconf 82' lang='lat' dir='ltr'><strong>Theb.</strong></span> <span class='ocrx_word' id='word_1_336' title='bbox 1607 4728 1634 4781; x_wconf 89' lang='lat'><strong>11</strong></span> <span class='ocrx_word' id='word_1_337' title='bbox 1644 4732 1696 4781; x_wconf 86' lang='grc'><strong>980</strong></span> 
     </span>
     <span class='ocr_line' id='line_1_41' title="bbox 363 4816 1697 4891; baseline -0.004 -15"><span class='ocrx_word' id='word_1_338' title='bbox 363 4820 456 4875; x_wconf 85' lang='lat' dir='ltr'><strong>flebile</strong></span> <span class='ocrx_word' id='word_1_339' title='bbox 474 4836 589 4891; x_wconf 79' lang='lat' dir='ltr'><strong>germen</strong></span> <span class='ocrx_word' id='word_1_340' title='bbox 602 4817 789 4888; x_wconf 83' lang='lat' dir='ltr'><strong>Hesperidum</strong></span> <span class='ocrx_word' id='word_1_341' title='bbox 802 4850 837 4859; x_wconf 91' lang='lat'><em>-</em></span> <span class='ocrx_word' id='word_1_342' title='bbox 856 4821 890 4871; x_wconf 88' lang='grc'><strong>99</strong></span> <span class='ocrx_word' id='word_1_343' title='bbox 910 4816 978 4873; x_wconf 87' lang='lat' dir='ltr'><strong>Sila.</strong></span> <span class='ocrx_word' id='word_1_344' title='bbox 997 4816 1023 4870; x_wconf 90' lang='lat' dir='ltr'><strong>Il</strong></span> <span class='ocrx_word' id='word_1_345' title='bbox 1039 4822 1063 4871; x_wconf 93' lang='lat'><strong>1.</strong></span> <span class='ocrx_word' id='word_1_346' title='bbox 1074 4822 1126 4871; x_wconf 84' lang='grc'><strong>116</strong></span> <span class='ocrx_word' id='word_1_347' title='bbox 1149 4816 1258 4873; x_wconf 61' lang='lat' dir='ltr'><strong>meina</strong></span> <span class='ocrx_word' id='word_1_348' title='bbox 1271 4817 1374 4873; x_wconf 83' lang='lat' dir='ltr'><strong>Thalia</strong></span> <span class='ocrx_word' id='word_1_349' title='bbox 1386 4850 1420 4859; x_wconf 90' lang='lat'>-</span> <span class='ocrx_word' id='word_1_350' title='bbox 1445 4824 1478 4872; x_wconf 91' lang='grc'><strong>99</strong></span> <span class='ocrx_word' id='word_1_351' title='bbox 1498 4818 1566 4873; x_wconf 88' lang='lat' dir='ltr'><strong>Silu.</strong></span> <span class='ocrx_word' id='word_1_352' title='bbox 1581 4818 1592 4871; x_wconf 95' lang='lat' dir='ltr'>I</span> <span class='ocrx_word' id='word_1_353' title='bbox 1608 4822 1632 4873; x_wconf 88' lang='grc'>9.</span> <span class='ocrx_word' id='word_1_354' title='bbox 1644 4822 1697 4871; x_wconf 79' lang='grc'><strong>980</strong></span> 
     </span>
     <span class='ocr_line' id='line_1_42' title="bbox 363 4906 1392 4979; baseline -0.003 -16"><span class='ocrx_word' id='word_1_355' title='bbox 363 4909 413 4979; x_wconf 89' lang='lat' dir='ltr'><strong>qui</strong></span> <span class='ocrx_word' id='word_1_356' title='bbox 431 4908 526 4964; x_wconf 89' lang='lat' dir='ltr'><strong>nobile</strong></span> <span class='ocrx_word' id='word_1_357' title='bbox 543 4925 642 4979; x_wconf 78' lang='lat' dir='ltr'><strong>gressu</strong></span> <span class='ocrx_word' id='word_1_358' title='bbox 660 4909 785 4961; x_wconf 82' lang='lat' dir='ltr'><strong>extremo</strong></span> <span class='ocrx_word' id='word_1_359' title='bbox 803 4906 943 4961; x_wconf 66' lang='lat' dir='ltr'><strong>mandatis</strong></span> <span class='ocrx_word' id='word_1_360' title='bbox 962 4922 1033 4976; x_wconf 87' lang='lat' dir='ltr'><strong>opus</strong></span> <span class='ocrx_word' id='word_1_361' title='bbox 1051 4915 1077 4965; x_wconf 80' lang='lat' dir='ltr'><strong>rt</strong></span> <span class='ocrx_word' id='word_1_362' title='bbox 1093 4915 1188 4965; x_wconf 79' lang='lat' dir='ltr'><strong>aotam</strong></span> <span class='ocrx_word' id='word_1_363' title='bbox 1205 4908 1243 4965; x_wconf 83' lang='lat' dir='ltr'><strong>ed</strong></span> <span class='ocrx_word' id='word_1_364' title='bbox 1261 4907 1337 4963; x_wconf 78' lang='grc' dir='ltr'>Ι9,7</span> <span class='ocrx_word' id='word_1_365' title='bbox 1359 4940 1392 4948; x_wconf 92' lang='grc'><strong>-</strong></span> 
     </span>
    </p>
   </div>
   <div class='ocr_carea' id='block_1_7' title="bbox 0 0 1909 5567">
    <p class='ocr_par' dir='ltr' id='par_1_7' title="bbox 0 0 1909 5567">
     <span class='ocr_line' id='line_1_43' title="bbox 0 0 1909 5567; baseline 0 0"><span class='ocrx_word' id='word_1_366' title='bbox 0 0 1909 5567; x_wconf 95' lang='lat' dir='ltr'><strong> </strong></span> 
     </span>
    </p>
   </div>
  </div>
 </body>
</html>
