3775 5567
817 399 846 457 P.
866 399 1004 456 PAPINII
1021 399 1140 456 S'l'h'l'll

529 568 626 650 atque
649 551 776 632 hederis
799 563 950 632 redimita
972 563 1097 649 cohors,
1119 568 1157 630 ut
1179 565 1283 652 pollet
1305 565 1416 632 ouanti

530 671 666 758 quisque
689 672 768 758 lyra.
805 672 861 737 sed
884 671 1061 758 praecipui,
1084 672 1140 758 qui
1163 672 1274 739 nobile
1297 695 1410 760 gressu

529 783 674 846 extremo
697 779 855 846 fraudatis
877 802 970 866 opus,
994 780 1067 845 date
1090 780 1232 870 carmina
1254 780 1347 846 festis

529 887 627 976 digna
649 886 739 954 toris.
776 887 862 954 hunc
885 887 956 972 ipse
979 885 1046 953 Coo
1068 887 1243 972 plaudente
1264 887 1409 954 Philetas

530 994 809 1080 Callimachusque
833 1017 930 1061 senex
953 994 1143 1080 Umbroque
1165 995 1355 1082 Propertius
1378 1001 1471 1062 antro

529 1102 708 1170 ambissent
728 1101 859 1168 laudare
883 1102 969 1168 diem
990 1124 1050 1168 nec
1072 1103 1176 1169 tristis
1198 1102 1233 1170 in
1256 1103 1337 1190 ipsis

527 1209 615 1278 Naso
638 1209 749 1276 Tomis
772 1210 925 1295 diuosque
949 1209 1021 1276 foco
1044 1209 1173 1276 lucente
1195 1210 1353 1277 Tibullus.

528 1340 579 1384 me
603 1321 689 1383 certe
712 1340 779 1384 non
800 1339 885 1383 unus
908 1339 999 1384 amor
1020 1317 1225 1404 simplexque
1249 1318 1382 1384 canendi

465 1415 468 1420 ¹
530 1447 625 1491 causa
648 1424 765 1490 trahit:
788 1428 895 1490 tecum
918 1422 1041 1490 similes
1063 1424 1255 1510 iunctaeque
1279 1425 1444 1512 Camenae,

528 1533 638 1618 Stella,
660 1531 741 1600 mihi
763 1532 968 1617 multumque
990 1554 1086 1618 pares
1110 1533 1304 1600 bacchamur
1326 1535 1367 1600 ad
1388 1557 1461 1600 aras
1499 1586 1504 1595 .

528 1644 562 1706 et
585 1639 705 1706 sociam
727 1639 830 1705 doctis
852 1638 1019 1706 haurimus
1042 1639 1084 1705 ab
1108 1639 1259 1706 amnibus
1281 1641 1409 1726 undam,

527 1751 563 1813 at
585 1751 618 1812 te
641 1751 826 1812 nascentem
849 1745 974 1833 gremio
997 1768 1069 1813 mea
1091 1745 1198 1833 prima
1220 1747 1343 1834 recepit

527 1853 735 1939 Parthenope
758 1852 924 1939 dulcisque
948 1853 1018 1920 solo
1041 1858 1078 1920 tu
1101 1854 1206 1942 gloria
1229 1859 1341 1922 nostro

529 1960 676 2046 reptasti.
711 1959 851 2027 nitidum
875 1964 1050 2048 consurgat
1073 1960 1113 2026 ad
1136 1962 1269 2028 aethera
1291 1962 1389 2029 tellus

529 2068 655 2134 Eubois
678 2072 713 2133 et
735 2067 848 2154 pulcra
871 2072 996 2134 tumeat
1018 2067 1178 2135 Sebethos
1201 2069 1331 2136 alurmra

528 2198 588 2243 nec
610 2175 674 2241 sihi
698 2175 860 2261 sulpureis
882 2175 1039 2242 Lucrinae
1061 2175 1183 2242 Naides
1205 2177 1308 2242 antris

528 2305 587 2350 nec
610 2282 801 2368 Pompeiani
824 2282 975 2369 placeant
997 2283 1103 2371 magis
1126 2283 1194 2350 otia
1217 2283 1320 2350 Sarni.

617 2390 691 2457 heia
713 2411 773 2478 age
797 2389 980 2476 praeclaros
1002 2389 1097 2456 Latio
1120 2395 1294 2477 properate
1316 2396 1462 2478 nepotes,

529 2498 585 2584 qui
608 2498 711 2584 leges,
734 2498 790 2582 qui
814 2502 919 2564 castra
941 2495 1067 2584 legant,
1090 2498 1146 2582 qui
1169 2497 1312 2564 carmina
1334 2499 1456 2566 ludant.

529 2605 685 2672 acceleret
707 2608 803 2690 portu
826 2603 986 2670 decimum
1010 2604 1096 2670 bona
1119 2603 1259 2690 Cynthia
1281 2627 1434 2691 mensem,

531 2713 587 2780 sed
609 2715 722 2799 parcat
745 2710 868 2778 Lucina
890 2733 1005 2798 precor
1027 2716 1129 2797 tuque
1152 2713 1222 2798 ipse
1244 2713 1372 2798 parenti

531 2843 637 2910 parce,
660 2842 750 2906 puer,
772 2842 813 2886 ne
836 2819 967 2887 mollem
990 2825 1128 2908 uterum,
1150 2843 1191 2888 ne
1214 2819 1335 2887 stantia
1357 2821 1465 2888 laedas

531 2933 677 3015 pectora,
700 2950 836 3013 cumque
859 2931 934 2995 tuos
956 2929 1056 2995 tacito
1080 2933 1196 2995 natura
1218 2950 1347 2995 recessu

532 3024 682 3103 formarit
704 3034 829 3120 uultus,
851 3035 992 3102 multum
1015 3035 1054 3101 de
1078 3040 1171 3123 patre
1195 3035 1329 3121 decoris,

532 3144 607 3230 plus
629 3143 669 3208 de
691 3146 795 3208 matre
818 3141 910 3208 feras.
947 3146 983 3208 at
1005 3147 1055 3230 tu,
1078 3142 1297 3228 pulcherrima
1318 3144 1422 3209 forma

531 3250 693 3336 Italidum,
715 3249 845 3316 tandem
867 3250 985 3316 merito
1009 3273 1158 3335 possessa
1180 3250 1308 3336 marito,

534 3358 641 3424 uincla
663 3357 719 3423 diu
742 3357 889 3443 quaesita
911 3357 1000 3424 fouet
1023 3359 1070 3424 sic
1093 3357 1209 3424 damna
1231 3357 1356 3424 decoris

532 3465 623 3532 nulla
645 3464 722 3552 tihi,
744 3465 842 3552 longe
862 3465 976 3531 uiridis
998 3464 1045 3531 sic
1067 3465 1146 3532 flore
1169 3466 1321 3532 iuuentae

534 3572 709 3658 perdurent
732 3572 843 3640 uultus
865 3572 1020 3659 tardeque
1043 3573 1123 3639 haec
1145 3575 1249 3640 forma
1271 3579 1423 3640 senescat.

414 3878 466 3928 ato
475 3873 626 3945 praecipue
637 3878 654 3928 ς
664 3905 700 3914 -
709 3878 762 3929 267
772 3875 874 3946 regant
882 3873 1042 3931 Politioaue
1052 3874 1246 3944 -2‘13ac'tu3
1259 3892 1328 3933 corr.
1340 3881 1358 3931 ς
1369 3881 1463 3930 -2'16
1473 3873 1578 3931 uirides
1588 3879 1610 3928 Δ
1621 3905 1653 3916 -

416 4167 468 4216 259
487 4159 628 4216 Silull'l.
640 4166 672 4214 12
693 4159 769 4216 docti
788 4203 818 4217 ..
839 4203 846 4218 .
865 4176 962 4216 amnes
979 4162 1073 4218 adnot.
1093 4193 1127 4204 -
1146 4161 1388 4232 Hor.Ep.13.10
1405 4160 1549 4217 Pindarici
1566 4159 1655 4217 fontis

322 4249 372 4320 qni
399 4266 456 4304 non
483 4249 621 4320 expalluit
643 4249 762 4304 haustus
791 4281 825 4290 --
854 4255 906 4326 tlt)
925 4249 1004 4304 Auiti
1022 4249 1077 4305 All.
1097 4268 1189 4321 spons.
1209 4251 1284 4304 PLM
1297 4251 1336 4305 IV
1350 4257 1442 4306 alsa
1470 4267 1505 4305 ne
1532 4249 1656 4306 candida

323 4338 421 4394 laedas
444 4337 586 4409 unguibus
609 4355 660 4392 ora
679 4337 746 4392 uide
774 4370 807 4378 -
836 4338 990 4412 276‘Verg.
1006 4341 1038 4394 Δ.
1053 4339 1106 4394 Vll
1121 4345 1171 4394 162
1200 4339 1287 4395 Theb.
1302 4339 1354 4394 Vll
1369 4345 1419 4394 ³01
1449 4339 1655 4396 Silu.vo.1s

323 4427 390 4482 ilorc
409 4427 542 4482 iuuentae
569 4429 603 4496 cs.
624 4426 727 4482 Hosrrs
747 4426 818 4484 Mus.
832 4427 884 4482 Rh.
904 4427 993 4483 ΗΜ
1012 4459 1046 4470 -
