3775 5567
838 445 867 500 P.
887 444 1024 500 PAPlNlI
1042 445 1162 501 STATlI

545 613 655 696 teque,
678 632 737 694 per
761 609 930 696 obliquum
954 609 1086 694 penitus
1109 631 1191 694 quae
1213 607 1333 674 laberis
1355 630 1492 693 amnem,

544 716 678 802 Marcia,
701 722 733 783 et
757 717 869 783 audaci
892 717 1086 784 transcurris
1108 717 1242 783 flumina
1264 715 1423 801 plumbo?

545 848 586 890 an
610 825 714 892 solum
737 824 838 890 Ioniis
860 824 920 890 sub
944 824 1099 891 fluctibus
1121 823 1226 889 Elidis
1249 845 1377 888 amnem

546 932 649 998 dulcis
672 932 713 997 ad
735 931 898 998 Aetnaeos
921 931 1058 997 deducat
1081 931 1195 997 semita
1219 931 1355 1016 portus?

546 1040 610 1106 illis
633 1041 704 1126 ipse
728 1040 830 1106 antris
852 1037 998 1106 Auienus
1021 1040 1111 1105 fonte
1133 1038 1247 1104 relicto

546 1152 640 1214 nocte
664 1149 724 1213 sub
748 1169 879 1214 arcana·
886 1147 1020 1234 glaucos
1042 1151 1159 1213 exutus
1181 1145 1318 1211 amictus

544 1257 608 1322 huc
630 1257 708 1322 illuc
731 1255 839 1342 fragili
863 1254 1039 1340 prosternit
1063 1258 1195 1339 pectora
1218 1275 1328 1319 musco

545 1367 601 1428 aut
623 1363 738 1450 iugens
761 1362 795 1427 in
819 1366 934 1450 stagna
957 1361 1043 1427 cadit
1065 1362 1249 1446 uitreasque
1271 1364 1386 1426 natatu

546 1470 673 1555 plaudit
696 1491 809 1556 aquas,
832 1469 889 1534 illa
912 1470 1047 1535 recubat
1069 1467 1234 1536 Tiburnus
1257 1467 1292 1534 in
1314 1467 1439 1533 umbra.

544 1577 612 1644 illic
634 1579 804 1664 sulpureos
827 1575 918 1663 cupit
940 1574 1062 1643 Albula
1085 1597 1230 1664 mergere
1253 1575 1365 1656 crines,

499 1696 500 1702 ’
545 1685 624 1752 haec
648 1685 761 1751 domus
783 1684 921 1772 Egeriae
944 1683 1141 1751 nemoralem
1164 1683 1342 1771 abiungere
1365 1682 1517 1748 Phoeben

544 1798 578 1859 et
600 1791 766 1878 Dryadum
790 1792 922 1858 uiduare
946 1792 1053 1858 choris
1076 1791 1219 1878 algentia
1241 1791 1347 1876 possit

545 1900 691 1988 Taygeta
714 1905 747 1966 et
771 1900 862 1967 siluis
885 1921 1047 1966 accersere
1069 1899 1159 1966 Pana
1180 1898 1323 1984 Lycaeis.

544 2008 687 2095 quodni
711 2008 833 2092 templa
857 2008 971 2073 darent
993 2006 1073 2073 alias
1095 2005 1267 2092 Tirynthia
1289 2010 1403 2094 sortes,

544 2121 576 2181 et
599 2115 826 2183 Praenestinae
849 2119 1002 2201 poterant
1024 2115 1164 2202 migrare
1187 2135 1321 2181 sorores.

544 2223 622 2308 quid
646 2223 750 2290 bifera
772 2223 901 2290 Alcinoi
923 2223 1052 2289 laudem
1076 2222 1222 2308 pomaria
1245 2243 1376 2306 uosque,

545 2331 600 2416 qui
623 2353 801 2417 numquam
824 2331 917 2397 uacui
940 2329 1097 2415 prodistis
1120 2329 1155 2397 in
1177 2329 1317 2416 aethera,
1340 2328 1443 2394 rami?

543 2439 657 2504 cedant
680 2438 848 2525 Telegoni,
871 2438 987 2504 cedant
1008 2437 1183 2504 Laurentia
1205 2435 1307 2503 Turni

545 2544 657 2632 iugera
679 2545 901 2630 Lucrinaeque
924 2544 1039 2610 domus
1059 2543 1205 2629 litusque
1228 2543 1353 2610 cruenti

542 2651 757 2738 Antiphatae,
781 2652 896 2718 cedant
919 2651 1041 2718 uitreae
1064 2651 1143 2738 iuga
1165 2650 1288 2736 perfida
1311 2650 1419 2718 Circes

543 2758 704 2826 Dulichiis
728 2760 851 2826 ululata
873 2758 962 2844 lupis
984 2781 1136 2845 arcesque
1159 2758 1319 2844 superbae

541 2865 687 2934 Anxuris
710 2871 743 2933 et
766 2868 865 2952 sedes,
888 2867 1033 2954 Phrygio
1057 2889 1138 2952 quas
1160 2866 1250 2932 mitis
1273 2866 1403 2933 alumno

543 2974 640 3041 debet
663 2997 757 3060 anus,
780 2974 908 3059 cedant,
932 2957 1014 3060 quae
1037 2978 1071 3040 te
1093 2973 1158 3040 iarn
1180 2973 1306 3040 solibus
1328 2973 1408 3040 artis

544 3082 618 3148 auia
639 3082 789 3150 nimbosa
812 3082 1013 3149 reuocabunt
1035 3081 1133 3148 litora
1156 3081 1279 3148 bruma.

632 3190 754 3256 scilicet
777 3190 830 3256 hic
853 3189 901 3255 illi
924 3188 1123 3255 meditantur
1146 3188 1289 3274 pondera
1311 3211 1426 3277 mores,

543 3296 597 3362 hic
619 3297 779 3382 premitur
801 3296 937 3362 fecunda
960 3296 1053 3382 quies
1075 3295 1243 3381 uirtusque
1266 3317 1380 3361 serena

542 3405 649 3470 fronte
673 3405 783 3492 grauis
806 3426 967 3490 sanusque
989 3402 1078 3470 nitor
1099 3403 1242 3490 luxuque
1266 3408 1411 3470 carentes

544 3510 689 3596 deliciae,
714 3533 794 3596 quas
817 3510 887 3596 ipse
912 3511 979 3577 suis
1002 3509 1166 3597 digressus
1188 3509 1327 3576 Athenis

421 3782 454 3832 70
473 3777 614 3846 anienem,
633 3782 731 3833 corma
747 3807 780 3817 -
801 3781 832 3830 71
849 3753 1052 3846 arcano'wtn
1070 3793 1140 3832 corr.
1154 3795 1172 3830 ι
1190 3808 1225 3818 -
1244 3782 1278 3832 74
1295 3778 1412 3834 recubet
1425 3778 1611 3836 Baebreasius
1627 3809 1662 3820 -

330 3865 467 3922 tiberinus
482 3871 504 3920 Δ
518 3898 553 3908 -
572 3872 605 3922 76
624 3865 727 3937 Egeria
742 3864 875 3921 Handias
889 3897 924 3906 -
942 3865 1109 3936 adiungere;
1127 3883 1197 3922 corr.
1212 3871 1234 3920 Δ
1248 3897 1284 3908 -
1301 3872 1337 3922 04
1354 3866 1462 3941 lucrina
1480 3869 1562 3923 aiam
1575 3867 1617 3921 Δ·
1629 3899 1655 3909 -

330 3962 364 4010 80
388 3956 475 4012 Antia
494 3956 679 4012 Markloadas
715 3954 795 4010 Aleia
816 3955 962 4011 Krolrm'us
997 3953 1110 4010 Daunia
1133 3956 1239 4013 Polater
1261 3987 1296 3998 -
1322 3961 1356 4012 07
1375 3973 1516 4027 sanamus
1538 3955 1663 4029 genitor,

331 4063 400 4102 corr.
417 4053 434 4102 ς
454 4079 488 4088 -

422 4304 457 4353 08
477 4298 560 4370 Verg.
580 4297 613 4354 A.
632 4297 672 4352 III
686 4302 739 4353 604
763 4297 904 4368 Alpheum
929 4297 1005 4352 lama
1027 4300 1072 4352 est
1092 4297 1149 4352 huc
1170 4297 1261 4352 Elidis
1289 4315 1401 4353 amnem
1423 4296 1549 4354 occultas
1573 4297 1664 4368 egium

331 4386 393 4442 uias
417 4387 514 4442 subter
533 4403 610 4442 mare
633 4419 669 4430 -
692 4393 726 4440 70
745 4389 807 4443 deos
829 4388 958 4458 ducales
975 4387 1020 4442 bic
1037 4388 1146 4443 inducit
1163 4388 1272 4444 Statius
1289 4395 1322 4444 at
1338 4389 1360 4443 I
1374 4393 1399 4442 1.
1419 4393 1457 4442 06
1474 4393 1499 4442 ct
1516 4387 1566 4442 IV
1581 4391 1606 4442 3.
1627 4390 1665 4442 67

330 4484 437 4534 cencres
460 4477 538 4549 Verp.
559 4477 595 4532 A.
619 4477 699 4532 VIII
713 4481 747 4532 31
771 4476 837 4531 huic
861 4476 929 4532 deus
953 4474 1013 4547 ipse
1037 4475 1091 4532 loci
1115 4476 1201 4531 fluuio
1220 4477 1369 4532 Tiberinus
1391 4492 1509 4531 amoeno
1527 4475 1664 4547 populeas

330 4567 404 4622 inter
423 4566 516 4622 senior
534 4582 563 4622 se
582 4565 713 4622 attollere
731 4565 844 4621 frondes
863 4565 941 4620 uiuus
966 4597 1000 4608 -
1023 4582 1087 4622 eum
1110 4565 1203 4620 tenuis
1222 4566 1323 4637 glauco
1342 4565 1459 4622 uetabat
1477 4565 1584 4621 amictu
1601 4583 1662 4621 car·

331 4657 417 4714 basus
441 4659 470 4712 et
488 4655 573 4712 crinis
592 4655 725 4711 umbrosa
742 4655 859 4728 tegebat
876 4655 985 4710 arundo
1003 4687 1037 4698 -
1061 4657 1123 4710 turn
1141 4654 1182 4710 sic
1200 4654 1293 4710 adfari
1310 4673 1334 4711 e.
1349 4674 1376 4725 q.
1391 4673 1413 4710 a.
1450 4656 1583 4710 Imitatur
1600 4656 1626 4712 h.
1646 4656 1663 4712 l.

331 4748 399 4803 Aac.
420 4747 491 4803 Mor.
510 4749 665 4802 170-185
693 4777 726 4786 -
756 4743 1294 4802 71Silu.11.94aubnocteailenti
1321 4776 1354 4786 —-
1384 4750 1417 4799 73
1436 4744 1503 4801 Aue.
1522 4744 1591 4800 Mos.
1610 4749 1665 4800 044

330 4839 366 4904 et.
382 4837 419 4891 ad
437 4855 464 4892 a.
479 4841 516 4892 43
536 4865 569 4877 -
590 4839 623 4891 70
642 4835 724 4890 Mart.
738 4834 751 4888 I
767 4839 835 4891 lau
855 4850 982 4904 canaque
1001 4833 1139 4905 sulpureis
1158 4833 1264 4890 Albula
1281 4835 1374 4890 fumat
1391 4833 1473 4904 aquia
1491 4863 1524 4875 -
1543 4838 1579 4888 80
1596 4833 1662 4890 Hor.

333 4925 361 4980 (l.
376 4925 389 4979 1
405 4931 445 4980 17.
461 4931 495 4980 70
514 4925 688 4994 uitrcamque
704 4923 801 4980 Circen
820 4956 853 4965 -
874 4930 907 4980 06
926 4923 1029 4978 Lucan.
1043 4923 1082 4978 III
1097 4929 1131 4979 84
1148 4923 1313 4996 praecipitis
1393 4922 1515 4980 Anxuris
1534 4939 1613 4980 arces
1628 4953 1665 4965 -
