3775 5567
843 474 873 528 Ρ,
891 470 1028 527 PAPINlI
1047 470 1166 525 SPATll

550 637 687 702 uerbera
710 635 863 701 succincti
885 634 1099 701 formidsuere
1122 632 1269 719 Luperci.

551 750 584 809 et
606 765 691 809 nunc
714 766 753 808 ex
777 742 834 808 illo
856 743 967 808 forsan
990 764 1089 829 grege
1113 740 1267 828 gentibus
1290 739 1373 804 alter

552 852 622 917 iura
645 851 701 916 dat
722 849 815 936 Eois,
838 849 920 914 alter
942 848 1120 933 compescit
1143 848 1299 933 Hiberos,

551 958 633 1023 alter
654 956 908 1024 Achaemenium
930 955 1069 1022 secludit
1090 954 1266 1043 Zeugmate
1289 954 1424 1033 Persen,

550 1066 586 1131 hi
609 1066 693 1131 dites
715 1064 813 1131 Asiae
836 1063 992 1152 populos,
1013 1063 1048 1129 hi
1072 1062 1207 1129 Pontica
1230 1062 1371 1147 frenant,

550 1173 586 1238 hi
609 1173 680 1238 fora
703 1171 848 1258 pacificis
869 1170 1041 1237 emendant
1064 1170 1219 1256 fascibus,
1243 1169 1290 1235 illi

552 1285 658 1347 castra
680 1280 737 1365 pia
758 1279 899 1345 statione
921 1282 1047 1343 tenent:
1084 1283 1121 1344 tu
1143 1277 1248 1343 laudis
1272 1276 1372 1364 origo.

551 1411 617 1454 non
640 1387 703 1453 tihi
727 1391 904 1452 certassent
926 1384 1082 1451 iuuenilia
1104 1386 1227 1473 fingere
1250 1383 1346 1450 corda

551 1496 673 1562 Nestor
695 1499 729 1560 et
750 1494 901 1560 indomiti
923 1493 1071 1559 Phoenix
1095 1492 1278 1559 moderator
1300 1490 1420 1556 alumni

553 1603 672 1689 quique
695 1602 793 1667 tubas
815 1623 905 1667 acres
926 1599 1091 1686 lituosque
1114 1600 1225 1667 audire
1248 1600 1411 1666 uolentem

551 1709 714 1776 Aeaciden
735 1708 799 1774 alio
822 1709 998 1796 frangebat
1020 1708 1161 1775 carmine
1185 1706 1313 1773 Chiron.
1334 1747 1374 1755 -

552 1817 632 1883 talia
654 1817 731 1882 dum
753 1815 911 1900 celebras,
934 1816 1077 1881 subitam
1101 1815 1207 1882 ciuilis
1228 1816 1348 1900 Erinys

551 1924 690 2009 Tarpeio
714 1923 753 1988 de
776 1927 886 1989 monte
909 1923 1013 1989 facem
1035 1922 1277 2011 Phlegraeaque
1301 1922 1404 1988 mouit

553 2030 685 2116 proelia
732 2029 899 2117 sacrilegis
921 2029 1031 2095 lucent
1055 2029 1217 2116 Capitolia
1239 2029 1342 2095 taedis

552 2143 586 2203 et
608 2137 771 2204 Senonum
793 2136 895 2202 furias
916 2136 1029 2201 Latiae
1052 2159 1218 2223 sumpsere
1242 2137 1399 2203 cohortes

553 2245 609 2311 uix
632 2244 760 2330 requies
782 2244 929 2309 flammae
953 2244 1089 2310 necdum
1112 2267 1212 2331 rogus
1235 2244 1289 2309 ille
1313 2244 1444 2310 deorum

552 2353 686 2438 siderat,
709 2351 826 2418 excisis
848 2374 921 2417 cum
944 2356 981 2417 tu
1004 2352 1123 2417 solacia
1146 2352 1279 2437 templis

552 2460 693 2546 impiger
715 2464 748 2524 et
770 2459 910 2524 multum
932 2460 1059 2525 facibus
1082 2460 1224 2526 uelocior
1246 2460 1328 2546 ipsis

553 2567 695 2633 concinis
718 2589 773 2632 ore
796 2566 852 2652 pio
875 2567 1070 2652 captiuaque
1093 2567 1230 2633 fulmina
1252 2568 1358 2633 defles,

552 2674 712 2739 mirantur
734 2673 820 2739 Latii
844 2696 994 2758 proceres
1017 2674 1167 2760 ultorque
1191 2675 1324 2741 deorum

554 2780 725 2846 Caesarei
748 2803 766 2845 e
790 2781 895 2846 medio
919 2781 1031 2847 diuum
1055 2786 1148 2867 pater
1171 2783 1285 2848 anuuit
1307 2783 1385 2869 igni.

554 2890 683 2973 iamque
705 2893 739 2953 et
761 2888 838 2953 flere
862 2889 919 2973 pio
941 2888 1085 2955 Vesuina
1108 2890 1255 2955 incendia
1277 2895 1374 2955 cantu

554 3018 645 3060 mens
667 3000 738 3060 erat
760 3000 793 3060 et
816 2995 975 3082 gemitum
998 2996 1115 3082 patriis
1137 2996 1323 3081 impendere
1347 2997 1485 3083 domnia,

553 3124 627 3167 cum
650 3107 744 3188 pater
766 3107 956 3188 exemptum
978 3102 1075 3169 terris
1097 3103 1138 3168 ad
1160 3104 1265 3169 sidera
1287 3110 1430 3171 montem

555 3209 689 3274 sustulit
713 3214 746 3274 et
769 3209 835 3274 late
858 3209 992 3275 miseras
1015 3210 1131 3275 deiecit
1153 3211 1187 3275 in
1210 3213 1316 3278 urbes.
1336 3252 1378 3261 -

554 3339 606 3380 me
630 3339 758 3401 quoque
781 3316 910 3382 uocales
932 3318 1022 3383 lucos
1045 3316 1231 3404 Boeotaque
1254 3324 1363 3405 tempe

554 3423 752 3510 pulsantem,
776 3445 849 3489 curn
872 3424 975 3509 stirpe
998 3429 1055 3489 tua
1078 3425 1268 3491 descendere
1292 3427 1373 3513 dixi,

555 3530 712 3597 admisere
735 3531 826 3616 deae,
848 3553 908 3597 nec
930 3532 1017 3597 enim
1040 3532 1118 3598 mihi
1143 3532 1248 3599 sidera
1270 3539 1397 3599 tautum

555 3660 760 3723 aequoraque
783 3642 816 3703 et
839 3644 956 3726 terras,
980 3661 1062 3723 quae
1085 3662 1155 3706 mos
1178 3641 1295 3708 debere
1318 3642 1460 3727 parenti,

557 3744 614 3810 sed
632 3744 728 3811 decus
745 3744 808 3811 hoc
827 3746 1050 3832 quodcumque
1068 3746 1157 3832 lyrae
1176 3749 1364 3835 primusque
1383 3749 1500 3815 dedisti

346 3900 559 3908 ——n-—-.

435 3998 486 4046 188
508 3992 635 4061 hiberas;
658 4000 764 4049 coms
793 4026 827 4035 —
857 3999 907 4048 187
926 3998 1067 4064 zeumate3
1086 4013 1188 4053 corus
1216 4030 1250 4038 -
1281 4003 1330 4052 197
1354 3998 1461 4067 rhedis;
1485 4014 1552 4053 corr.
1573 4004 1616 4052 Ga
1643 4030 1677 4039 -

347 4088 397 4135 199
420 4082 552 4150 duorum,
575 4100 644 4138 corr.
662 4089 705 4136 Be
733 4116 767 4124 -
796 4089 846 4138 297
866 4086 975 4154 monte;
994 4102 1092 4141 corr-‚o
1120 4118 1154 4128 -
1183 4093 1235 4141 209
1258 4086 1338 4142 luota
1355 4088 1392 4141 A·
1420 4088 1554 4157 biotnquo
1572 4094 1600 4142 1
1629 4086 1677 4159 hio

344 4170 519 4239 luotaque!
550 4171 685 4242 biotaque
712 4190 780 4229 corr.
803 4192 838 4229 ex
860 4173 1036 4243 luocaqueh
1069 4176 1202 4247 inotaque
1225 4183 1248 4231 B
1280 4178 1484 4247 luctataqued
1516 4178 1678 4248 Boeotaque

346 4260 533 4316 Rauracos
559 4292 594 4301 —
622 4268 722 4332 tllsq.
754 4280 807 4318 nec
834 4263 910 4318 enim
936 4264 1007 4318 mihi
1036 4264 1130 4321 sidera
1156 4270 1229 4323 tanti
1252 4284 1277 4325 a.
1297 4285 1320 4323 o.
1340 4270 1360 4323 t.
1384 4286 1469 4337 quam
1497 4284 1547 4324 uos
1575 4267 1678 4323 debere

345 4348 469 4419 parenti3
487 4352 519 4404 tu
539 4350 728 4409 Marklaadus
745 4384 780 4393 —
798 4358 851 4407 212
870 4370 955 4422 quam
973 4371 1025 4410 uos
1043 4356 1159 4425 deber03
1178 4374 1246 4413 corr.
1263 4358 1407 4414 Krohnius
1424 4388 1459 4400 -·

345 4488 388 4495 μ-
406 4490 504 4495 .-m-.-

436 4586 487 4637 187
506 4580 602 4639 Sidon.
617 4582 646 4640 C.
661 4584 733 4638 1151
753 4584 959 4642 Achaemenius
971 4630 978 4643 .
989 4632 995 4645 .
1007 4633 1013 4644 .
1023 4587 1109 4644 Persa
1124 4620 1157 4629 -
1179 4595 1229 4643 192
1248 4590 1283 4659 cs.
1298 4590 1324 4643 Il
1340 4598 1363 4647 1.
1374 4594 1408 4645 88
1417 4588 1444 4646 ff.
1460 4622 1494 4632 —-
1511 4597 1560 4647 198
1575 4590 1678 4649 Lucan.

346 4670 385 4724 IV
401 4676 450 4725 187
479 4671 572 4727 ciuilis
594 4672 695 4744 Erinys
717 4676 753 4743 cf.
772 4674 992 4733 Manvlaan
1021 4710 1055 4719 -
1084 4683 1135 4732 198
1164 4678 1231 4734 Silo.
1248 4680 1260 4733 Ι
1277 4685 1344 4735 179
1372 4678 1450 4734 bella
1467 4681 1542 4736 Iouis
1560 4688 1616 4737 not.
1644 4712 1679 4721 —

346 4758 434 4816 Theb.
448 4760 513 4814 1vs
531 4761 647 4817 rutilam
661 4762 696 4817 de
710 4764 817 4819 uertice
834 4764 968 4821 Larisaeo
987 4767 1112 4823 ostendit
1128 4767 1244 4823 Bellona
1259 4768 1350 4823 lacem
1366 4802 1399 4810 —
1416 4775 1465 4825 191
1481 4770 1632 4828 silu.1vc.
1644 4778 1678 4825 82

346 4848 487 4919 saenlega
508 4851 570 4907 face
598 4882 632 4892 -
660 4858 711 4907 297
720 4870 761 4923 sq.
785 4854 844 4909 Iun.
863 4854 902 4908 111
917 4862 968 4910 257
996 4874 1124 4912 euersum
1148 4857 1222 4912 ludit
1246 4874 1329 4929 super
1356 4861 1472 4929 agmina
1493 4866 1617 4915 montem
1645 4892 1679 4901 -

347 4942 400 4991 209
418 4939 487 4994 Ach.
502 4939 514 4992 I
529 4946 564 4993 19
587 4939 708 4995 Aonium
727 4959 825 4997 nemus
844 4944 956 4999 aduena
974 4946 1055 5016 pulso
1074 4980 1108 4989 -
