3775 5567
868 478 897 534 P.
918 476 1055 535 PAPINII
1073 478 1190 534 STATII

578 642 655 729 quid
678 644 814 709 referam
837 642 1006 728 expositos
1028 646 1156 709 seruato
1181 641 1323 728 pondere
1345 641 1472 708 mores?

578 772 660 835 quae
678 750 793 837 pietas,
812 772 909 835 quam
927 749 993 816 uile
1010 749 1145 837 lucrum,
1165 771 1247 835 quae
1265 772 1341 817 cura
1359 750 1501 837 pudoris,

578 863 718 943 quantus
736 880 826 924 amor
843 857 945 924 recti?
982 880 1167 944 rursusque,
1185 856 1242 923 ubi
1262 857 1354 923 dulce
1373 856 1504 943 remitti,

577 965 684 1052 gratia
707 988 788 1051 quae
811 965 928 1031 dictis?
965 965 1073 1031 animo
1097 988 1194 1051 quam
1217 964 1306 1030 nulla
1329 965 1497 1031 senectus?

578 1073 629 1137 his
652 1071 714 1137 tibi
738 1095 798 1158 pro
821 1072 948 1138 meritis
970 1073 1089 1137 famam
1111 1071 1286 1158 laudesque
1310 1072 1469 1159 benignas

577 1180 674 1246 iudex
696 1202 773 1246 cura
795 1180 891 1245 deum
913 1180 1069 1265 nulloque
1093 1202 1110 1245 e
1133 1180 1267 1246 uulnere
1291 1180 1417 1245 tristem

577 1288 743 1353 concessit.
789 1287 926 1374 raperis,
949 1287 1091 1375 genitor,
1114 1308 1180 1353 non
1203 1286 1333 1374 indigus
1356 1286 1442 1372 aeui,

575 1416 641 1460 non
664 1394 783 1460 nimius
805 1395 964 1480 trinisque
988 1394 1097 1460 decem
1120 1394 1340 1480 quinquennia
1362 1393 1474 1459 lustris

576 1502 686 1567 iuncta
708 1503 824 1568 ferens.
870 1501 927 1567 sed
949 1524 1001 1567 me
1024 1501 1130 1587 pietas
1151 1524 1320 1567 numerare
1344 1500 1499 1587 dolorque

576 1631 642 1675 non
664 1608 756 1697 sinit,
779 1632 799 1676 o
822 1608 933 1695 Pylias
955 1608 1027 1675 aeui
1050 1608 1274 1675 transcendere
1298 1612 1401 1675 metas

578 1720 612 1781 et
634 1716 774 1783 Teucros
796 1739 934 1802 aequare
957 1738 1065 1802 senes,
1089 1740 1108 1782 ο
1132 1715 1229 1805 digne
1251 1716 1361 1782 uidere

578 1846 628 1889 me
651 1822 804 1889 similem!
840 1824 897 1889 sed
919 1846 978 1889 nec
1000 1822 1058 1890 leti
1083 1824 1144 1889 tibi
1168 1824 1264 1889 ianua
1286 1824 1391 1890 tristis

578 1969 622 1978 -
645 1931 768 2017 quippe
790 1930 880 1997 leues
898 1954 1012 1997 causae
1033 1971 1075 1979 —
1093 1954 1152 1997 nec
1175 1931 1285 2019 segnis
1307 1931 1382 1997 labe
1405 1931 1498 1996 senili

577 2039 684 2104 exitus
706 2038 841 2105 instanti
865 2039 1035 2124 praemisit
1057 2038 1204 2105 membra
1227 2038 1389 2125 sepulcro,

577 2146 633 2211 sed
657 2150 690 2210 te
712 2151 827 2231 torpor
849 2145 936 2211 iners
959 2150 993 2211 et
1015 2168 1103 2212 mors
1125 2145 1253 2212 imitata
1277 2146 1418 2231 quietem
1647 2163 1699 2211 260

577 2252 735 2337 explicuit
757 2253 903 2338 falsoque
927 2253 1005 2319 tulit
1028 2253 1089 2319 sub
1113 2252 1248 2319 Tartara
1270 2275 1392 2319 somno.

665 2383 747 2446 quos
760 2382 821 2447 ego
837 2366 914 2427 tunc
927 2360 1122 2448 gemitus-
1133 2361 1287 2428 comitum
1301 2382 1415 2426 manus
1429 2360 1525 2425 anxia
1540 2359 1630 2445 uidit,

576 2468 659 2533 uidit
682 2473 715 2533 et
738 2467 923 2554 exemplum
946 2468 1096 2555 genetrix
1119 2468 1295 2556 gauisaque
1318 2467 1411 2533 nouit
1435 2506 1477 2515 —

580 2598 662 2660 quae
684 2576 826 2641 lamenta
849 2575 924 2641 tuli!
966 2576 1094 2641 ueniam
1118 2576 1282 2641 concedite
1306 2597 1429 2659 manes,

574 2684 624 2748 fas
647 2682 780 2770 dixisse,
801 2687 908 2768 pater:
944 2705 1009 2748 non
1033 2687 1070 2747 tu
1093 2682 1172 2748 mihi
1197 2681 1292 2768 plura
1315 2682 1463 2747 dedisses.
1647 2697 1698 2747 266

577 2790 656 2856 felix
679 2790 735 2856 ille
758 2795 883 2876 patrem
906 2790 1018 2855 uacuis
1041 2789 1250 2855 circumdedit
1273 2789 1359 2855 ulnis

575 2897 675 2964 uellet
697 2902 732 2963 ct
753 2896 866 2983 Elysia
889 2897 1039 2982 quamuis
1063 2897 1096 2963 in
1119 2897 1193 2963 sede
1216 2896 1358 2962 locatum

575 3006 725 3091 abripere
749 3009 782 3071 et
804 3005 933 3071 Danaas
955 3005 1074 3071 iterum
1097 3010 1228 3090 portare
1252 3028 1312 3089 per
1334 3003 1466 3069 umbras

575 3116 792 3199 temptantem
816 3118 849 3178 et
871 3113 966 3178 uiuos
990 3113 1138 3179 molitum
1162 3112 1196 3177 in
1214 3112 1348 3177 Tartara
1370 3134 1501 3198 gressus

576 3220 694 3286 detulit
717 3220 861 3287 infernae
884 3224 977 3286 uates
998 3219 1158 3308 longaeua
1180 3219 1316 3306 Dianae3
1646 3234 1698 3283 sio

575 3328 621 3393 sic
645 3327 762 3413 chelyn
784 3326 955 3413 Odrysiam
978 3328 1074 3415 pigro
1098 3328 1280 3393 transmisit
1302 3324 1432 3392 Auerno

576 3457 672 3500 causa
694 3435 812 3522 minor,
837 3434 1100 3501 sicThessalicis
1123 3433 1281 3501 Admetus
1303 3434 1337 3500 in
1361 3434 1439 3519 oris,

578 3542 625 3607 sie
646 3541 704 3607 lux
727 3564 792 3607 una
814 3546 901 3608 retro
924 3541 1120 3627 Phylaceida
1142 3541 1271 3608 rettulit
1293 3542 1458 3607 umbram:

575 3648 647 3739 (cur
668 3649 753 3715 nihil
776 3654 901 3735 exoret,
923 3648 1066 3737 genitor,
1089 3648 1199 3733 chelys
1221 3652 1278 3714 aut
1300 3653 1357 3713 tua
1380 3670 1490 3713 manes

577 3763 635 3823 aut
656 3754 765 3844 meal)
787 3757 837 3822 fas
860 3756 940 3822 mihi
964 3757 1010 3823 sio
1033 3756 1157 3842 patrios
1175 3756 1363 3843 contingere
1387 3755 1511 3839 uultus,
1645 3772 1697 3821 276

452 4011 505 4073 261
522 4006 618 4061 tristes
638 4005 827 4061 Marklandcs
845 4036 880 4045 -
899 4008 1027 4059 2682011
1045 4021 1145 4059 nnmus
1164 4002 1318 4073 crinisque;
1336 4020 1405 4059 corr.
1421 4022 1435 4057 o
1454 4035 1487 4043 -
1507 4008 1559 4057 268
1578 4016 1693 4073 segnes;

363 4111 432 4149 corr.
447 4112 461 4147 o
475 4126 510 4135 -
528 4096 596 4151 tabe
615 4094 697 4150 senili
713 4093 920 4149 Graeculus-
939 4099 992 4148 263
1007 4094 1088 4149 nouit
1100 4094 1193 4165 (dioro
1207 4094 1268 4163 A⁸);
1286 4110 1355 4149 corr.
1371 4112 1384 4146 o
1401 4126 1431 4133 -
1452 4098 1502 4147 271
1523 4091 1547 4145 si
1567 4090 1668 4160 chelyn
1683 4108 1697 4143 o

363 4214 397 4223 -
412 4188 465 4236 278
479 4184 553 4237 silus
566 4200 636 4253 una;
650 4184 676 4237 si
684 4182 864 4239 Thessalicas
874 4184 1015 4238 Admeton
1030 4183 1060 4237 in
1074 4198 1136 4237 oras
1205 4185 1328 4254 (lacuna)
1397 4181 1420 4239 si
1436 4182 1483 4238 lux
1498 4182 1698 4238 unaHeiosius

361 4271 402 4325 sic
426 4271 545 4329 Vollmer
561 4306 596 4315 ·-
615 4279 667 4327 276
687 4272 725 4328 sit
744 4272 852 4345 patrios
871 4280 889 4329 ς
908 4304 943 4314 -

451 4508 503 4558 268
521 4505 557 4572 cs.
576 4506 615 4559 ud
633 4504 659 4558 11
673 4512 725 4561 26
743 4505 938 4576 quinquennia
956 4504 1038 4561 lustri
1060 4536 1094 4547 —
1118 4510 1168 4559 267
1188 4504 1268 4561 Lacr.
1287 4504 1384 4557 11104
1404 4503 1454 4559 Ou.
1474 4502 1540 4558 Met.
1559 4504 1637 4558 Ι662
1660 4502 1696 4571 cf.

361 4592 424 4649 Val.
443 4592 485 4649 ΡΙ,
504 4592 543 4647 IV
558 4599 608 4647 231
629 4592 716 4650 Theb.
736 4594 776 4647 111
790 4600 824 4649 68
842 4594 929 4649 ianua
947 4594 999 4648 leti
1025 4626 1059 4635 -
1086 4599 1138 4648 260
1157 4592 1253 4649 Sidon.
1272 4592 1300 4648 C.
1316 4592 1341 4646 V
1357 4598 1406 4648 621
1427 4594 1525 4663 torpor
1543 4634 1550 4647 .
1565 4639 1571 4649 .
1587 4636 1594 4649 .
1612 4591 1697 4647 inerti

361 4684 455 4752 rigore
473 4682 747 4739 Dracont.V111224
775 4685 874 4753 torpor
891 4684 967 4739 iners
985 4716 1020 4725 —
1040 4688 1092 4738 266
1111 4682 1179 4737 Silu.
1199 4682 1340 4736 111aiss
1359 4680 1428 4737 felix
1446 4681 1493 4738 cui
1511 4698 1569 4751 cqs.
1586 4678 1643 4737 not.
1662 4712 1697 4722 -

362 4778 414 4826 262
429 4772 514 4841 Verg.
529 4773 562 4827 Δ.
576 4770 616 4825 VI
630 4777 681 4826 477
702 4771 818 4827 molitor
831 4771 886 4825 iter
899 4802 933 4812 -
949 4778 1002 4828 270
1020 4770 1104 4840 Verg.
1120 4772 1151 4825 Α.
1167 4770 1205 4824 VI
1220 4776 1271 4826 628
1291 4771 1399 4826 Phoebi
1413 4772 1554 4841 longaeua
1568 4770 1698 4826 sacerdos

362 4890 396 4903 -
416 4866 466 4916 271
486 4860 575 4918 Theb.
590 4860 629 4915 xl
643 4866 696 4916 688
718 4860 792 4931 pigri
812 4904 863 4917 ...
883 4860 989 4916 Averni
1007 4862 1042 4929 cs.
1062 4860 1125 4915 Vlll
1142 4866 1174 4915 17
1195 4892 1228 4901 -
1248 4866 1299 4916 272
1317 4860 1554 4919 Lucan.V11802
1578 4860 1698 4915 Thessa·

359 4948 433 5004 licas
453 4966 590 5006 ...oras
613 4949 819 5007 Transisse
843 4950 1016 5006 Thessalicis
1035 4950 1104 5007 l'slix
1122 4950 1260 5005 Admetus
1279 4950 1316 5005 ab
1335 4950 1392 5006 oris
1411 4982 1445 4992 -
