3775 5567
755 463 942 521 suvaavu
960 463 974 519 l
992 470 1009 518 3

524 652 565 696 an
589 651 671 715 quae
694 629 860 717 graminea
883 633 1035 713 suscepta
1058 628 1222 715 crepidine
1245 629 1373 693 fumant

437 737 553 804 balnea
576 742 609 803 et
632 737 821 823 impositum
844 736 926 822 ripis
949 736 1137 823 algentibus
1160 736 1269 823 ignem

437 867 563 931 quaque
586 844 779 930 uaporiferis
803 844 932 910 iunctus
954 843 1142 909 fornacibus
1164 841 1280 909 Amnis

437 953 520 1018 ridet
543 951 732 1018 anhelantes
755 951 862 1017 uicino
886 951 1019 1018 flumine
1041 950 1236 1036 Nymphas?

440 1060 507 1125 uidi
530 1064 616 1126 artes
640 1064 850 1144 ueterumque
874 1081 988 1124 manus
1011 1058 1174 1144 uariisque
1197 1057 1328 1124 metalla

437 1167 514 1232 uiua
538 1166 649 1233 modis.
685 1167 780 1232 labor
802 1171 852 1232 est
875 1167 944 1232 auri
969 1189 1146 1232 memorare
1169 1167 1291 1253 figuras

439 1279 495 1341 aut
518 1275 599 1341 ebur
622 1279 679 1340 aut
702 1275 816 1362 dignas
840 1275 953 1362 digitis
976 1274 1164 1361 contingere
1188 1296 1332 1361 gemmas

439 1383 592 1468 quicquid
616 1386 650 1448 et
672 1387 807 1469 argento
831 1383 974 1468 primum
997 1382 1051 1448 uel
1074 1382 1108 1448 in
1132 1404 1205 1447 aere
1228 1381 1345 1446 minori

437 1489 516 1556 lusit
539 1493 572 1555 et
595 1512 742 1557 enormes
765 1513 879 1556 manus
902 1495 953 1556 est
975 1494 1110 1575 experta
1132 1489 1281 1556 colossos.

439 1598 516 1664 dum
539 1619 643 1686 uagor
665 1602 799 1684 aspectu
822 1599 977 1684 uisusque
1000 1619 1060 1683 per
1082 1597 1190 1663 omnia
1213 1597 1304 1682 duco,

442 1705 605 1772 calcabam
627 1707 806 1790 necopinus
829 1728 916 1792 opes.
953 1729 1028 1771 nam
1050 1704 1205 1790 splendor
1226 1705 1268 1770 ab
1292 1703 1358 1769 alto

439 1813 563 1879 defluus
587 1818 620 1879 et
642 1813 782 1879 nitidum
805 1813 981 1880 referentes
1004 1834 1079 1880 aera
1100 1816 1204 1878 testae

438 1925 659 1987 monstrauere
682 1921 802 2005 solum,
825 1920 932 1986 uarias
956 1920 1013 1986 ubi
1037 1921 1126 2005 picta
1148 1943 1207 2005 per
1229 1923 1316 1986 artes

442 2027 563 2116 gaudet
585 2028 704 2095 humus
720 2032 924 2114 superatque
947 2028 1042 2094 nonis
1064 2031 1192 2094 asarota
1214 2026 1336 2115 figuris.

440 2158 601 2223 expauere
624 2135 752 2224 gedue.

617 2322 622 2328 .
788 2243 866 2328 quid
888 2265 974 2309 nunc
997 2241 1166 2331 iungentia
1188 2241 1286 2306 mirer

440 2355 498 2418 aut
520 2350 598 2437 quid
621 2350 752 2436 partitis
775 2350 929 2416 distantia
953 2355 1039 2416 tecta
1061 2349 1235 2415 trichoris?

440 2459 519 2544 quid
541 2462 588 2543 te,
612 2479 694 2542 quae
717 2457 833 2524 mediis
856 2462 985 2524 seruata
1007 2456 1183 2542 penatibus
1205 2457 1302 2522 arbor

441 2570 526 2632 tecta
549 2586 608 2650 per
631 2568 664 2630 et
687 2568 799 2650 postes
821 2564 962 2650 liquidas
985 2564 1124 2652 emergis
1146 2563 1181 2629 in
1203 2586 1306 2650 auras,

442 2695 506 2759 quo
528 2695 594 2739 non
617 2673 678 2738 sub
703 2671 833 2738 domino
857 2695 970 2738 saeuas
994 2695 1129 2758 passura
1152 2671 1333 2756 bipennes?

443 2785 477 2847 et
498 2803 593 2866 nunc,
615 2779 741 2866 ignoro,
763 2779 872 2846 forsan
895 2779 949 2845 uel
970 2779 1098 2845 lubrica
1118 2778 1200 2844 Nais

443 2888 497 2955 uel
518 2909 584 2953 non
607 2886 767 2971 abruptos
790 2886 853 2952 tibi
877 2886 985 2952 demet
1007 2886 1209 2972 Hamadryas
1232 2909 1342 2952 annos.

531 2994 608 3080 quid
631 2995 767 3060 referam
790 2994 932 3060 alternas
956 2993 1085 3082 gemino
1109 3015 1207 3078 super
1229 3015 1349 3081 aggere
1371 3016 1498 3058 mensas

441 3103 653 3187 albentesque
674 3101 765 3168 lacus
787 3101 935 3187 altosque
958 3101 992 3167 in
1015 3101 1146 3188 gurgite
1169 3103 1276 3167 fontes
1530 3117 1564 3167 ea

309 3241 443 3250 --—-———n

317 3323 352 3372 44
375 3315 445 3371 riuis
468 3315 654 3372 Bnebreersias
677 3345 711 3356 -
735 3319 769 3370 37
788 3313 928 3385 ingentia;
952 3331 1056 3371 corae
1083 3345 1117 3356 -
1146 3319 1179 3369 63
1204 3315 1236 3368 at
1252 3329 1327 3368 nunc
1348 3313 1508 3370 Gronovius
1529 3345 1565 3354 -

228 3406 340 3478 ignarc;
367 3423 436 3462 corr.
459 3404 618 3460 Politiaaua
653 3403 771 3474 ignarae
796 3403 929 3460 Heinsius
956 3403 1071 3474 ignarm
1095 3403 1242 3460 Kaibclius
1270 3435 1307 3444 -
1339 3409 1373 3458 33
1401 3403 1451 3458 ubi
1470 3403 1566 3457 demet

228 3497 310 3550 diam
328 3495 384 3564 ⁴⁸3
412 3494 496 3550 debet
515 3495 649 3551 Heinsius
667 3525 700 3536 -

229 3617 443 3626 -------

319 3697 353 3748 43
373 3691 460 3747 Theb.
475 3692 513 3746 IX
527 3697 579 3747 433
603 3690 766 3762 gramineae
789 3690 928 3762 producta
951 3690 1095 3762 crepidine
1117 3690 1196 3762 ripae
1235 3690 1429 3746 anullare
1452 3690 1566 3757 gemina

229 3781 371 3838 testudine
394 3781 506 3837 fumant
527 3781 631 3836 balnea
668 3780 772 3835 Aaron.
792 3780 860 3836 Mos.
879 3785 931 3833 333
956 3779 1076 3835 lundata
1098 3780 1242 3851 crepidine
1264 3780 1344 3852 ripae
1362 3813 1398 3822 -
1420 3785 1472 3834 337
1496 3779 1565 3850 quid

230 3887 302 3941 quaa
321 3871 454 3926 fluminea
472 3870 634 3925 substructa
653 3868 796 3940 crepidine
816 3871 927 3924 sumant
945 3869 1058 3939 balnea,
1076 3869 1197 3924 feruenti
1217 3887 1280 3924 cnm
1293 3869 1432 3924 Mulciber
1446 3869 1565 3924 haustus

230 3963 327 4032 operto
346 3960 438 4016 uoluit
455 3958 605 4016 anhelatas
624 3959 744 4014 tectoria
762 3976 812 4030 per
830 3975 902 4014 cana
921 3959 1050 4014 flammas
1067 3957 1207 4014 inclusum
1230 3958 1390 4028 glomerans
1409 3961 1490 4016 aestu
1508 3959 1565 4031 spi·

230 4053 310 4106 rante
328 4067 470 4122 uaporem.
503 4047 564 4104 uidi
583 4065 635 4118 ego
655 4048 780 4104 defessos
799 4048 888 4104 multo
909 4048 1010 4103 sudore
1024 4048 1132 4103 lauacri
1151 4047 1295 4103 fastidisse
1313 4047 1392 4102 lacus
1412 4051 1442 4103 et
1459 4049 1566 4118 frigora

230 4140 410 4212 piscinarum,
429 4143 461 4194 ut
475 4138 549 4192 uiuis
564 4137 722 4193 fruerentur
741 4137 831 4208 aquis,
851 4155 916 4193 mox
935 4155 1017 4194 amne
1037 4139 1142 4193 refotos
1160 4137 1307 4209 plaudenti
1321 4136 1448 4210 gelidum
1461 4137 1564 4193 flumen

231 4228 372 4302 pepulisse
395 4231 494 4284 natatu
514 4261 548 4269 —
567 4233 601 4282 43
621 4227 689 4283 Silu.
708 4228 733 4280 V
752 4235 776 4283 3.
799 4232 849 4282 133
874 4227 983 4282 Baiana
1006 4227 1104 4294 litora,
1128 4244 1185 4296 qua
1207 4226 1309 4282 mediis
1333 4227 1390 4283 alte
1412 4227 1565 4300 permissus

231 4319 347 4374 anhelat
365 4318 440 4390 ignis
460 4316 541 4387 aquis
561 4349 594 4358 -
614 4315 693 4372 Felix
712 4315 872 4387 (Baehrens.
892 4315 976 4370 PLM
995 4316 1033 4371 IV
1050 4335 1077 4388 p.
1091 4318 1153 4385 333)
1172 4317 1223 4371 Aa
1242 4323 1303 4372 ale.
1322 4324 1338 4372 3
1358 4317 1483 4373 inclusus
1497 4316 1565 4372 Vul-

232 4425 318 4462 canus
338 4407 419 4477 aquis
439 4405 600 4478 algentibus
620 4404 666 4460 hic
685 4408 728 4460 est
748 4408 776 4460 et
793 4421 892 4476 pacem
911 4404 1028 4475 liquidis
1046 4405 1173 4461 fontibus
1190 4406 1265 4478 ignis
1283 4406 1378 4463 babet.
1411 4423 1475 4462 curn
1493 4405 1565 4475 lym·

230 4497 295 4570 phis
314 4496 417 4567 gelidis
435 4498 548 4552 coartat
561 4495 711 4550 concordia
725 4496 854 4550 flammae
869 4511 903 4550 ac
917 4499 1013 4567 stupet
1026 4496 1158 4551 ardentes
1172 4495 1278 4568 frigida
1291 4496 1423 4568 Nympha
1436 4495 1516 4550 lacus
1531 4529 1564 4538 -

230 4587 340 4643 Patron.
355 4586 387 4640 ir.
404 4585 537 4640 XXXVb
561 4584 674 4640 litamine
694 4584 787 4640 uicino
807 4584 911 4640 stultus
931 4585 1046 4639 sitit-
1066 4590 1099 4640 47
1119 4587 1223 4641 huson.
1241 4585 1311 4640 Mos.
1327 4590 1378 4639 307
1397 4585 1566 4640 Menecratis

231 4681 304 4732 artas
333 4679 419 4746 atque
446 4675 551 4747 Ephesi
578 4677 707 4746 spectata
729 4691 829 4730 manus
852 4707 886 4718 —
909 4674 1188 4731 acelamare
1215 4675 1240 4730 si
1263 4675 1342 4731 uisus
1365 4691 1415 4746 per
1439 4674 1566 4730 membra

230 4767 301 4822 seres
329 4797 365 4808 -
393 4765 659 4820 assimilata
687 4762 794 4834 gaudet
821 4765 921 4819 humus
948 4796 986 4806 -
1012 4770 1047 4820 33
1066 4763 1134 4820 Silu.
1154 4767 1166 4820 I
1185 4771 1209 4821 3,
1229 4771 1264 4821 37
1287 4764 1356 4835 quid
1377 4763 1572 4829 ...reseram

232 4855 333 4910 llaroa
352 4857 390 4911 ad
408 4856 467 4910 Ina.
487 4855 499 4908 I
518 4860 552 4909 ⁴5
590 4855 656 4911 hus.
676 4853 747 4909 Mos.
766 4857 819 4908 333
844 4885 877 4895 -
901 4853 988 4910 Theb.
1008 4854 1034 4907 V
1053 4858 1105 4909 313
1123 4855 1253 4925 geminae
1272 4854 1348 4910 iacet
1365 4870 1469 4927 aggere
1487 4853 1566 4927 ripae

235 4943 297 5000 Vel.
313 4943 353 5000 Fl.
369 4945 408 5000 Vl
423 4951 474 5000 ua
492 4977 528 4986 -
