3775 5567
842 402 872 457 P.
890 401 1028 457 PAPINII
1047 402 1165 459 STATII

549 568 637 629 casta
658 562 834 648 Mycenaeo
857 565 998 630 conubia
1021 565 1142 650 polluit
1163 588 1251 631 auro.

550 671 579 737 si
601 671 790 755 Babylonos
812 693 906 759 opes,
927 672 1037 757 Lydae
1061 674 1089 739 si
1112 673 1256 759 pondera
1278 696 1376 761 gazae

547 777 765 865 Indorumque
784 779 876 845 dares
893 778 1071 866 Serumque
1090 779 1300 867 Arabumque
1320 785 1471 867 potentes

548 886 694 973 diuitias,
716 886 829 951 mallet
851 909 925 952 cum
949 892 1142 973 paupertate
1165 889 1283 974 pudica

547 992 740 1059 intemerata
762 994 845 1060 mori
867 994 1036 1079 uitamque
1059 996 1235 1081 rependere
1258 998 1371 1061 famae.
1434 1070 1438 1079 .

546 1123 605 1166 nec
623 1102 714 1167 frons
732 1100 825 1166 triste
843 1101 954 1188 rigens
971 1101 1155 1188 nimiusque
1173 1102 1207 1168 in
1225 1103 1372 1169 moribus
1389 1104 1513 1189 horror,

546 1207 603 1273 sed
625 1207 765 1292 simplex
788 1208 965 1294 hilarisque
988 1209 1067 1273 fides
1091 1214 1124 1275 et
1146 1210 1250 1275 mixta
1272 1210 1388 1296 pudori

546 1315 660 1401 gratia
706 1315 793 1401 quod
815 1315 844 1381 si
866 1338 986 1402 anceps
1009 1320 1115 1381 metus
1138 1317 1178 1381 ad
1201 1316 1323 1383 maiora
1346 1322 1506 1406 uocasset,

546 1422 603 1488 illa
626 1422 679 1489 uel
702 1422 869 1489 armiferae
892 1445 953 1509 pro
977 1424 1113 1511 coniuge
1136 1424 1222 1490 laeta
1244 1428 1389 1491 cateruas

545 1530 783 1616 fulmineosque
805 1531 899 1619 ignes
921 1530 1083 1617 mediique
1106 1532 1250 1618 pericula
1273 1532 1366 1618 ponti

547 1638 719 1723 exciperet.
764 1639 893 1724 melius,
917 1639 1004 1725 quod
1026 1660 1091 1705 non
1114 1640 1249 1705 aduersa
1271 1640 1465 1726 probarunt,

547 1768 629 1833 quae
647 1745 710 1811 tibi
729 1768 806 1811 curs
823 1746 902 1832 tori,
920 1751 1061 1832 quantus
1080 1770 1139 1832 pro
1159 1747 1295 1835 coniuge
1315 1748 1428 1832 pallor.

546 1854 602 1920 sed
625 1852 758 1920 meliore
781 1853 836 1919 uia
858 1854 990 1920 dextros
1013 1859 1069 1919 tua
1092 1859 1170 1920 uota
1192 1855 1309 1921 marito

544 1984 752 2047 promeruere
775 1961 864 2047 deos,
888 1961 965 2026 dum
987 1966 1082 2027 nocte
1106 1962 1220 2048 dieque
1243 1963 1363 2050 fatigas

544 2068 689 2154 numina,
713 2069 790 2134 dum
812 2068 936 2134 cunctis
958 2067 1098 2153 supplex
1122 2069 1306 2137 aduolueris
1328 2072 1392 2137 sris

546 2180 579 2241 et
602 2176 715 2242 mitem
739 2175 872 2264 genium
894 2174 1016 2241 domini
1040 2176 1220 2261 praesentis
1242 2177 1365 2245 adoras

545 2284 656 2349 audita
678 2306 713 2350 es
735 2283 890 2370 uenitque
913 2283 1016 2370 gradu
1038 2282 1183 2349 Fortuna
1206 2285 1358 2373 benigno.

543 2391 628 2456 uidit
650 2391 774 2477 quippe
797 2390 845 2476 pii
867 2391 995 2456 iuuenis
1018 2413 1199 2477 nouamque
1223 2393 1365 2478 quietem

544 2500 762 2585 intactamque
784 2498 882 2563 fidem
904 2498 1129 2584 succinctaque
1153 2504 1286 2585 pectora
1308 2500 1393 2565 curie

544 2609 577 2669 et
599 2605 717 2693 uigiles
740 2629 853 2672 sensus
876 2611 909 2671 et
931 2605 1031 2693 digna
1054 2606 1204 2673 euoluere
1227 2611 1334 2673 tantas

543 2714 654 2779 sobria
676 2714 772 2781 corda
794 2713 882 2779 uices
905 2752 947 2761 -
971 2712 1068 2799 uidit,
1092 2714 1147 2799 qui
1171 2718 1287 2780 cuncta
1309 2738 1440 2782 suorum

543 2821 636 2888 nouit
659 2826 692 2885 et
714 2820 870 2907 inspectis
892 2820 997 2885 ambit
1019 2820 1106 2886 letus
1129 2842 1223 2886 omne
1249 2822 1415 2890 ministris.

543 2950 603 2995 nee
620 2928 752 2994 mirum:
787 2928 878 2993 uidet
896 2928 952 2993 ille
971 2932 1062 2994 ortus
1080 2926 1268 3015 obitusque,
1291 2930 1369 3015 quid
1387 2936 1509 3015 auster,

545 3037 623 3123 quid
646 3038 761 3103 boreas
784 3036 941 3102 hibernus
964 3039 1054 3122 agat,
1076 3036 1217 3121 ferrique
1241 3041 1401 3124 togaeque

543 3143 677 3211 consilia
699 3148 796 3229 atque
820 3144 926 3228 ipsam
949 3146 1091 3207 mentem
1109 3143 1238 3228 probat.
1274 3144 1330 3209 ille
1349 3144 1471 3210 iubatis

544 3252 662 3318 molem
681 3251 870 3317 immensam
888 3250 1009 3317 umeris
1032 3254 1065 3315 et
1087 3251 1144 3315 uix
1168 3251 1337 3317 tractabile
1356 3252 1483 3337 pondus

543 3358 708 3445 imposuit.
744 3382 804 3424 nec
826 3358 913 3424 enim
936 3358 1138 3425 numerosior
1161 3359 1263 3425 altera
1284 3380 1373 3425 sacra
1629 3376 1663 3425 86

332 3506 465 3514 ——--—.

418 3597 453 3645 64
471 3589 625 3645 maioribus
643 3589 809 3660 (minoribus
823 3594 857 3659 B)
875 3589 985 3657 horror;
1004 3606 1103 3645 coeno
1125 3622 1160 3629 -
1184 3594 1218 3643 66
1241 3592 1270 3643 et
1288 3588 1396 3643 maiora
1414 3592 1542 3645 natasset
1554 3608 1571 3643 ι
1594 3607 1662 3647 corr.

327 3682 360 3735 in
378 3681 505 3734 namnet
518 3684 542 3732 Α
559 3681 627 3749 (cine
645 3680 729 3735 deebio
747 3697 781 3735 ex
799 3680 914 3749 antiquo
929 3680 1029 3749 codice)
1049 3680 1078 3733 at
1095 3696 1131 3735 m.
1152 3680 1283 3733 uocasset
1295 3682 1450 3731 ullust}
1472 3682 1603 3733 uocasset
1620 3684 1663 3732 111
1756 3728 1759 3739 ‚

328 3771 490 3825 uocassetB
504 3770 541 3823 ad
553 3768 662 3823 maiora
671 3772 801 3824 uocasset
810 3774 879 3827 xeo
889 3800 923 3807 —
934 3773 968 3822 76
983 3784 1141 3837 uariamque
1152 3768 1275 3837 quietem
1284 3772 1420 3836 runnu
1439 3769 1556 3839 scriptor
1568 3770 1625 3823 cod.
1636 3774 1662 3821 Ι

328 3859 482 3914 uolueritae
504 3874 663 3927 nouemque
686 3877 725 3913 on
749 3875 908 3927 uanumque
928 3858 1014 3927 plone
1032 3858 1132 3927 dispici
1151 3858 1245 3929 aequit
1272 3888 1306 3898 -
1335 3864 1367 3913 s1
1392 3857 1461 3926 quid
1480 3859 1585 3925 arctos;
1614 3874 1664 3927 per

328 3950 406 4002 actos
426 3966 443 4001 ι
469 3964 538 4003 corr.
561 3950 593 4002 in
620 3948 689 4017 quid
717 3949 810 4001 arctoe
828 3951 852 3999 Α
892 3946 961 4015 qnid
989 3949 1116 4001 austere
1149 3978 1182 3987 —
1216 3952 1250 4001 82
1273 3949 1445 4018 togaequeo
1485 3950 1584 4018 rotage
1599 3947 1662 4000 Δ*6

327 4040 445 4108 rotagae
458 4041 537 4090 lm
569 4040 669 4111 rogate
682 4041 727 4090 Be
745 4068 780 4077 -
799 4042 833 4092 83
852 4036 958 4107 iugatis
978 4036 1099 4092 Latmus
1130 4036 1255 4091 subactis
1270 4037 1414 4092 Acontius
1431 4068 1465 4077 -
1485 4040 1519 4091 84
1538 4038 1662 4107 tempus3

328 4126 439 4195 pondua
458 4128 601 4183 Acontius
618 4158 653 4167 —

417 4347 452 4396 60
460 4358 519 4410 sqq.
539 4341 736 4413 Pr0p.18.33
759 4340 811 4395 illa
828 4340 875 4396 uel
894 4342 1015 4411 angusto
1033 4357 1142 4395 mecum
1161 4338 1335 4410 requiescere
1355 4338 1428 4394 lecto
1447 4341 1477 4393 et
1495 4356 1661 4409 quocunque
1731 4414 1733 4419 Ι

327 4431 412 4486 modo
429 4430 532 4486 maluit
548 4448 610 4487 esse
633 4448 710 4501 mea,
733 4448 819 4499 quam
845 4430 901 4485 eibi
924 4430 1041 4485 dotatae
1063 4447 1181 4501 ragnum
1205 4432 1286 4485 uetus
1305 4428 1513 4499 Hippodamiae
1538 4431 1661 4497 atquae

329 4518 390 4574 Elis
408 4537 476 4590 opes
495 4522 561 4575 anta
579 4524 695 4591 pararat
713 4520 792 4589 cquis
816 4552 851 4561 -
878 4524 914 4574 66
937 4518 989 4574 Ou.
1009 4519 1088 4575 Pout.
1108 4518 1146 4573 IV
1161 4524 1185 4573 8.
1202 4524 1236 4573 69
1254 4516 1309 4572 nisi
1327 4520 1356 4571 tc
1374 4534 1476 4572 nomen
1493 4520 1605 4573 tantum
1625 4518 1662 4571 sd

327 4609 436 4664 maiora
457 4613 590 4664 uocasset
615 4642 650 4651 -
678 4616 780 4679 Gthq.
804 4612 839 4678 cs.
862 4608 955 4664 Plaut.
974 4608 1058 4662 Mcrc.
1078 4613 1198 4677 sossqq.
1221 4608 1323 4663 etalio
1351 4608 1386 4675 cs.
1405 4608 1443 4661 oct
1461 4606 1500 4661 llI
1520 4612 1545 4661 6.
1565 4612 1599 4661 19
1626 4638 1661 4647 -

328 4704 362 4751 72
387 4699 467 4757 Lacr.
480 4698 519 4753 IV
535 4704 601 4753 12³1
631 4697 727 4754 diuom
750 4716 853 4755 numen
876 4697 1015 4765 sortisque
1039 4696 1164 4767 fatigant
1186 4704 1210 4753 et
1228 4697 1337 4767 coepitis
1354 4694 1450 4749 Harsa
1470 4698 1507 4753 ad
1525 4695 1608 4765 Verg.
1628 4697 1660 4753 Α.

328 4788 408 4841 1280
422 4788 518 4841 Koma
535 4806 562 4857 p.
577 4793 612 4841 49
640 4820 675 4829 -
704 4793 736 4841 73
756 4788 977 4858 Pr0p.11117.1
1007 4800 1081 4839 nunc
1101 4802 1117 4839 o
1135 4784 1244 4839 Bacche
1263 4786 1320 4839 tuis
1343 4785 1463 4840 humiles
1484 4784 1661 4840 aduoluimur

328 4894 385 4931 ans
403 4908 437 4917 -
