3775 5567
837 442 866 496 P.
886 441 1024 496 PhPlNIl
1042 441 1160 497 STATII

992 764 1014 829 5

611 883 698 980 Quid
725 910 787 976 tibi
807 913 986 974 monstrata
1003 931 1225 974 mansuescere
1249 910 1373 994 profuit
1396 910 1465 975 ira?

548 1018 626 1104 quid
650 1019 753 1083 scelus
775 1019 998 1102 humanasque
1022 1016 1129 1081 animo
1153 1017 1314 1082 dediscere
1337 1018 1450 1084 caedes

547 1125 784 1210 imperiumque
807 1124 877 1210 pati
902 1129 935 1189 et
958 1123 1088 1189 domino
1112 1146 1225 1209 parere
1249 1123 1388 1190 minori?

547 1233 634 1319 quid,
659 1233 746 1317 quod
765 1232 855 1297 abire
874 1231 969 1296 domo
988 1253 1165 1316 rursusque
1186 1231 1220 1296 in
1239 1230 1380 1296 claustra
1397 1233 1516 1298 reuerti

548 1345 659 1404 suctus
682 1344 715 1406 et
738 1362 757 1404 a
779 1342 875 1424 capta
897 1338 962 1403 iam
985 1342 1103 1423 sponte
1126 1337 1272 1404 recedere
1295 1339 1415 1422 praeda

548 1446 750 1532 insertasque
773 1469 887 1512 manus
910 1445 984 1510 laxo
1009 1445 1171 1510 dimittere
1195 1447 1325 1512 morsu?

548 1554 675 1638 occidis,
699 1555 837 1622 altarum
860 1557 1007 1618 uastator
1029 1552 1122 1618 docte
1145 1554 1296 1639 ferarum,

548 1685 612 1727 non
635 1685 734 1749 grege
758 1662 900 1746 Massylo
924 1682 1089 1745 curuoque
1113 1660 1264 1749 indagine
1287 1661 1424 1748 clausus,

547 1792 611 1835 non
637 1769 809 1835 formidato
833 1791 932 1853 supra
954 1768 1117 1833 uenabula
1139 1769 1225 1832 saltu

548 1876 666 1942 incitus
689 1880 745 1942 aut
768 1897 860 1942 caeco
883 1876 998 1954 foueae
1022 1874 1176 1961 deceptus
1198 1876 1300 1960 hiatu,

547 1985 603 2049 sed
626 1984 733 2050 uictus
757 1983 902 2071 fugiente
926 1985 1003 2049 fera.
1049 1987 1115 2048 stat
1137 1983 1265 2048 cardine
1289 1990 1402 2068 aperto

547 2092 660 2157 infelix
684 2113 783 2157 cauea
805 2096 838 2156 et
861 2091 986 2156 clausas
1009 2090 1129 2156 circum
1153 2090 1296 2175 undique
1319 2095 1431 2175 portas

547 2199 609 2264 hoo
631 2198 759 2266 licuisse
782 2198 873 2264 nefas
897 2197 1016 2283 placidi
1040 2202 1187 2263 tumuere
1209 2197 1327 2264 leones.

547 2311 618 2372 tum
641 2307 765 2372 cunctis
789 2305 930 2371 cecidere
953 2306 1050 2372 iubae
1074 2305 1256 2390 puduitque
1279 2305 1417 2371 relatum

547 2414 690 2499 aspicere
714 2419 747 2479 et
769 2417 856 2478 totas
879 2412 998 2478 duxere
1022 2411 1202 2478 inlumina
1224 2413 1355 2478 frontes.

547 2526 582 2587 at
604 2544 668 2587 non
693 2526 725 2586 te
749 2521 854 2605 primo
878 2519 986 2585 fusum
1008 2542 1114 2586 nouus
1137 2519 1249 2584 obruit
1272 2520 1339 2586 ictu

547 2629 602 2693 ille
626 2629 743 2713 pudor:
767 2649 913 2694 mansere
936 2626 1036 2692 animi
1060 2627 1229 2712 uirtusque
1253 2627 1379 2692 cadenti

547 2760 566 2800 a
590 2734 694 2801 media
716 2735 780 2800 iam
804 2738 907 2800 morte
932 2734 1016 2800 redit
1037 2757 1098 2800 neo
1121 2734 1271 2819 protinus
1295 2758 1405 2800 omnes

548 2847 639 2929 terga
662 2842 775 2908 dedere
799 2841 913 2908 minae.
959 2841 1043 2907 sicut
1065 2841 1129 2906 sibi
1153 2841 1299 2907 conscius
1322 2842 1378 2907 alti

548 2950 691 3016 uulneris
713 2950 884 3016 aduersum
906 2949 1048 3015 moriens
1070 2949 1098 3014 it
1120 2948 1214 3014 miles
1236 2948 1270 3013 in
1293 2950 1419 3015 hostem
1632 2970 1667 3017 ao

546 3057 734 3142 attollitque
758 3078 888 3122 manum
912 3061 945 3121 et
967 3057 1053 3122 ferro
1076 3055 1205 3121 labente
1228 3056 1382 3122 minatur:

548 3165 593 3232 sic
617 3165 710 3252 piger
733 3164 789 3229 ille
811 3164 914 3252 gradu
937 3163 1100 3248 solitoque
1124 3167 1242 3229 exutus
1263 3163 1386 3230 honore

547 3274 654 3338 firmat
672 3272 765 3338 hians
784 3272 894 3337 oculos
913 3271 1118 3354 animamque
1137 3270 1330 3355 hostemque
1349 3272 1495 3357 requirit.

547 3403 665 3466 magna
687 3383 795 3444 tamen
819 3377 921 3443 subiti
945 3383 1053 3443 tecum
1076 3377 1195 3444 solacia
1218 3377 1284 3458 leti,

548 3487 642 3573 uicta,
660 3489 752 3572 feres,
772 3486 859 3570 quod
877 3490 910 3551 te
928 3485 1043 3550 maesti
1063 3484 1270 3571 populusque
1288 3491 1474 3573 patresque,
1632 3507 1666 3554 aa

547 3617 605 3660 ceu
627 3599 725 3660 notus
748 3593 876 3658 caderes
899 3592 987 3658 tristi
1010 3592 1171 3679 gladiator
1192 3592 1321 3679 harena,

423 3861 521 3916 tLeo
540 3863 737 3916 mansuetus
761 3891 795 3900 -—
820 3859 1031 3915 loomnatas
1054 3890 1088 3898 -
1111 3856 1337 3926 uincertasque3
1355 3877 1424 3914 corr.
1445 3865 1462 3914 ς
1483 3891 1517 3900 -
1537 3866 1570 3914 12
1589 3859 1665 3914 clau·

334 3950 371 4004 sir
392 3995 397 4006 .
415 3995 419 4005 .
437 3995 441 4004 .
461 3951 549 4022 portis
570 3953 695 4023 Guyetus
722 3982 755 3990 —
785 3953 818 4003 13
837 3949 969 4016 timuere3
987 3966 1056 4005 corr.
1076 3955 1094 4003 ς
1118 3980 1152 3988 -
1182 3953 1215 4002 16
1234 3963 1267 4002 ac
1285 3965 1342 4002 non
1361 3951 1454 4017 (etiam
1467 3948 1544 4018 Α·7);
1567 3966 1666 4004 cmc

335 4073 366 4080 ·—
394 4047 427 4094 2³
447 4040 625 4111 animumque
644 4041 831 4096 Martlcadus
849 4071 884 4080 -

334 4191 545 4198 —·------——

424 4295 448 4344 t.
478 4289 594 4344 tMart.
614 4289 626 4342 I
647 4295 715 4342 lto
739 4289 839 4359 captae
862 4288 906 4342 leo
929 4304 1045 4358 parcere
1067 4287 1189 4358 praedae
1217 4289 1252 4355 cs.
1271 4287 1284 4340 Ι
1304 4293 1409 4344 lotio
1446 4287 1514 4343 Silu.
1533 4289 1572 4343 Ill
1591 4295 1665 4345 au

333 4379 449 4434 reddere
469 4379 505 4432 ab
525 4395 689 4433 cremanus
708 4375 835 4432 etnulla
852 4376 950 4432 uiuere
972 4377 1079 4447 praeda
1105 4409 1140 4417 —-
1168 4377 1285 4431 thiart.
1305 4377 1330 4431 Π
1350 4382 1419 4432 m
1442 4376 1488 4432 leo
1508 4421 1513 4433 .
1530 4422 1535 4433 .
1552 4423 1557 4432 .
1577 4378 1665 4434 inser-

333 4471 447 4538 tamque
475 4467 537 4538 pati
559 4467 681 4523 blandus
704 4467 733 4520 in
758 4483 808 4520 ora
830 4481 945 4520 manum
981 4466 1065 4522 Mart.
1084 4465 1097 4518 l
1116 4470 1175 4521 104.
1188 4472 1220 4521 17
1243 4466 1323 4521 laxos
1342 4465 1388 4521 cui
1407 4467 1474 4521 dare
1497 4467 1664 4537 peruiosque

333 4558 420 4613 rictus
439 4557 565 4628 gaudent
583 4588 618 4597 -
637 4562 652 4609 7
672 4555 755 4627 Verg.
771 4557 802 4610 A.
818 4553 856 4610 IX
871 4561 920 4610 771
941 4555 1065 4610 ferarum
1083 4557 1256 4610 uastatorem
1274 4587 1308 4596 -
1327 4562 1344 4610 8
1364 4555 1425 4611 Tib.
1440 4556 1478 4610 111
1494 4562 1544 4611 9.7
1564 4557 1665 4612 densos

333 4647 466 4717 indagine
486 4645 571 4701 colles
590 4645 767 4701 claudentem
804 4646 906 4700 Lucan.
921 4645 961 4698 VI
974 4650 1010 4700 42
1028 4644 1102 4700 feras
1120 4644 1255 4716 indagine
1275 4643 1385 4699 claudit
1403 4677 1437 4685 —
1456 4644 1505 4701 Sil.
1520 4645 1603 4700 ItIV
1611 4653 1662 4700 451

332 4735 458 4791 cecidere
477 4735 561 4790 iubae
589 4767 622 4776 —
654 4740 686 4789 18
706 4733 773 4789 Silu.
788 4733 813 4788 V
830 4739 852 4789 1.
866 4739 915 4788 172
937 4733 1034 4790 madia
1051 4733 1086 4788 de
1104 4737 1194 4788 morte
1217 4751 1330 4789 reuersa
1352 4751 1431 4789 mens
1460 4767 1495 4775 —
1521 4741 1554 4790 23
1577 4735 1664 4791 Theb.

332 4824 357 4876 V
373 4829 425 4878 591
444 4823 610 4893 animaeque
629 4824 725 4894 fugam
744 4839 794 4893 per
811 4823 938 4878 membra
956 4824 1099 4894 tepentem
1117 4823 1229 4892 quaerit
1247 4822 1329 4878 hians
1351 4857 1382 4866 -
1403 4831 1437 4878 ⁸24
1457 4823 1507 4880 On.
1523 4825 1559 4879 Μ.
1574 4824 1600 4880 V
1613 4831 1662 4879 191

332 4929 437 4984 magna
455 4913 527 4968 seres
546 4911 649 4966 tacitas
669 4911 776 4968 solacia
793 4911 892 4966 mortis
911 4911 949 4966 ad
967 4911 1081 4966 umbras
1100 4928 1119 4966 a
1135 4915 1217 4968 tanto
1235 4912 1370 4968 cecidisse
1389 4913 1450 4968 uiro
1470 4945 1503 4954 -
