3775 5567
754 439 944 496 SILVARVM
962 440 975 494 I
993 447 1009 494 6

522 626 716 692 casuraeque
740 604 833 693 uagis
856 626 954 692 grues
975 605 1099 690 rapinis

522 715 680 780 mirantur
702 713 831 799 pugiles
853 712 1035 779 ferociores.
1115 717 1118 722 '

612 821 676 888 iam
698 820 804 887 noetis
825 820 1036 906 propioribus
1059 822 1120 887 sub
1145 821 1270 887 umbris

521 930 612 996 diues
635 927 760 1016 sparsio
784 950 865 1014 quos
888 927 959 1015 agit
981 928 1154 994 tumultus!

520 1038 574 1103 hio
597 1037 720 1102 intrant
742 1035 853 1101 faciles
875 1035 938 1101 emi
962 1035 1101 1122 puellae,

521 1145 574 1211 hic
597 1143 784 1232 agnoscitur
807 1165 915 1222 omne,
939 1143 1026 1228 quod
1048 1142 1186 1209 theatris

520 1256 577 1319 aut
600 1253 704 1318 forma
726 1251 834 1336 placet
857 1254 914 1315 aut
936 1250 1097 1335 probatur
1118 1255 1196 1316 arte.

519 1361 581 1426 hoo
603 1359 763 1447 plaudunt
784 1379 884 1445 grege
907 1356 1027 1443 Lydiae
1050 1361 1221 1444 tumentes,

519 1467 586 1534 illio
608 1466 757 1553 cymbala
780 1464 990 1549 tinnulaeque
1013 1463 1130 1551 Gades3

519 1575 585 1642 illio
609 1574 739 1662 agmina
762 1573 967 1639 confremunt
989 1571 1153 1660 Syrorum,

519 1683 572 1750 hic
594 1682 687 1768 plebs
710 1681 855 1747 scaenica
878 1679 998 1766 quique
1021 1679 1227 1747 comminutis

518 1793 706 1876 permutant
728 1788 842 1854 uitreis
864 1789 997 1875 gregale
1020 1788 1143 1873 sulpur.

519 1899 605 1964 inter
627 1919 709 1983 quae
733 1895 843 1962 subito
867 1895 986 1962 cadunt
1008 1895 1121 1960 uolatu

519 2005 693 2071 immensae
717 2004 885 2069 uolucrum
909 2024 969 2089 per
991 2007 1078 2068 astra
1100 2003 1213 2089 nubes,

518 2135 598 2198 quas
620 2111 716 2178 Nilus
739 2133 828 2176 sacer
850 2109 1064 2196 horridusque
1086 2109 1210 2194 Phasis,

519 2242 598 2306 quas
622 2219 685 2285 udo
709 2217 868 2284 Numidae
891 2217 1007 2304 legunt
1030 2217 1090 2284 sub
1114 2221 1234 2283 austro.

518 2328 634 2394 desunt
657 2327 713 2413 qui
737 2325 866 2411 rapiant
888 2325 1042 2410 sinusque
1065 2324 1153 2410 pleni

517 2434 672 2522 gaudent,
696 2433 773 2499 dum
795 2455 880 2499 noue
903 2432 993 2498 lucra
1015 2436 1252 2517 comparantur.

517 2542 637 2608 tollunt
660 2541 845 2607 innumeras
868 2540 908 2605 ad
931 2545 1020 2606 astra
1041 2562 1138 2606 uoces

517 2648 712 2715 ‘Saturnalia
734 2646 903 2733 principis’
927 2651 1079 2713 sonantes

517 2760 551 2823 et
573 2756 659 2823 dulci
683 2755 873 2821 ‘dominum’
895 2755 1008 2821 fauore
1032 2755 1184 2821 clamant:

516 2865 579 2930 hoo
601 2862 707 2929 solum
730 2862 837 2928 uetuit
859 2861 956 2928 licere
980 2860 1104 2928 Caesar.

605 2969 740 3036 uixdum
763 2969 889 3036 caerula
911 2991 976 3035 nox
999 2969 1134 3036 subibat
1156 2970 1278 3056 orbem,

515 3078 680 3147 descendit
702 3076 808 3144 media
829 3075 939 3143 nitens
961 3077 1082 3142 herena

517 3189 631 3254 densas
654 3186 821 3251 flammeus
845 3185 934 3250 orbis
957 3184 1043 3250 inter
1065 3185 1197 3250 umbras

515 3295 648 3361 uincens
671 3291 845 3359 Gnosiacae
869 3293 971 3358 facem
995 3314 1139 3358 coronae.

516 3403 664 3469 conlucet
687 3399 783 3486 polus
806 3399 939 3488 ignibus
962 3398 1109 3485 nihilque

515 3510 672 3576 obscurae
695 3507 821 3594 patitur
842 3506 940 3572 licere
962 3507 1060 3573 noeti.

518 3617 604 3703 fugit
627 3615 723 3703 pigra
744 3613 842 3692 Quies
864 3615 1015 3699 inersque
1038 3613 1177 3680 Somnus

518 3725 598 3789 haec
621 3745 754 3788 cernens
776 3721 855 3788 elias
879 3721 950 3787 abit
972 3722 1006 3786 in
1029 3722 1135 3787 urbes.

519 3830 592 3917 quis
615 3829 814 3916 spectacula,
836 3829 910 3914 quis
932 3828 1020 3895 iocos
1043 3827 1188 3916 licentes,

519 3937 593 4024 quis
615 3937 779 4023 conuiuia,
802 3936 875 4022 quis
897 3935 998 4021 dapes
1019 3935 1190 4023 inemptas,

269 4187 276 4196 ·
306 4175 340 4226 64
358 4169 494 4242 pumilos;
518 4185 587 4226 corr.
607 4167 815 4224 Frieders'rlu'us
838 4199 873 4208 -
897 4171 930 4220 '10
940 4184 981 4235 sq.
1001 4166 1054 4221 hoo
1074 4165 1194 4221 ...illo
1213 4165 1401 4224 Marklandua
1430 4166 1478 4222 hio
1497 4209 1504 4221 .
1520 4207 1549 4224 ..

216 4259 276 4314 illic
297 4258 359 4316 ouo
376 4291 412 4300 -
430 4258 575 4326 timentem
594 4273 662 4314 oon.
678 4275 693 4311 o
711 4289 744 4298 —
765 4262 798 4310 76
817 4255 891 4310 inter
909 4271 979 4325 quos
998 4255 1133 4327 Stonys'os
1150 4287 1184 4297 -
1661 4260 1664 4264 ⁴

216 4391 429 4400 ———-—--

218 4475 347 4528 csteruas
357 4471 453 4528 Pallas
469 4474 497 4528 et
511 4489 610 4528 auerso
624 4471 689 4526 risit
698 4470 839 4528 Gradiuus
853 4469 883 4525 in
896 4469 1006 4526 Haemo
1033 4469 1131 4526 Claud.
1141 4470 1301 4526 Eutr.1238
1316 4470 1551 4527 erubuitMauors

218 4580 372 4632 auersaque
391 4563 455 4618 risit
472 4563 552 4633 Enyo
571 4563 692 4618 dedecus
708 4561 807 4631 Eoum,
825 4560 956 4631 quotiens
975 4561 1087 4616 intenta
1105 4560 1219 4632 sagittis
1238 4564 1268 4616 et
1285 4561 1420 4633 pharetra
1438 4559 1550 4630 fulgens

217 4669 288 4706 anus
314 4655 459 4708 exercetur
485 4653 612 4708 Amazon
638 4683 673 4693 -
701 4656 735 4706 66
754 4651 857 4706 Lucan.
876 4649 902 4704 11
923 4655 972 4704 161
999 4649 1178 4720 cognoscitur
1202 4649 1262 4706 illio
1285 4649 1422 4721 quidquid
1446 4649 1551 4719 ubique

216 4741 291 4796 latet
312 4773 346 4782 —
368 4748 401 4797 81
421 4742 525 4798 Lucan.
539 4743 579 4798 ΠΙ
593 4747 645 4798 640
664 4740 827 4796 innumerae
845 4741 927 4794 ussto
946 4738 1099 4795 miscentur
1116 4739 1147 4794 in
1165 4741 1278 4796 aethere
1297 4756 1380 4796 uoces
1407 4740 1442 4806 cs.
1462 4737 1550 4795 Theb.

217 4829 269 4884 VII
290 4837 339 4886 111
373 4831 469 4885 Χ147
500 4865 530 4873 -
560 4839 592 4886 91
613 4830 761 4887 Silene.
782 4837 797 4884 7
816 4829 898 4901 pigra
916 4829 995 4899 quies
1023 4829 1088 4885 na.
1108 4836 1142 4885 66
1175 4831 1390 4887 1661436-
1409 4834 1444 4882 64
1466 4829 1549 4900 Verg.

218 4917 251 4974 G.
266 4917 304 4972 IV
320 4925 371 4974 133
386 4921 507 4991 dapibus
526 4920 659 4993 inemptis
687 4919 752 4974 llor.
768 4919 857 4990 Epod.
871 4919 897 4972 Il
911 4925 945 4974 48
964 4925 990 4975 et
1006 4921 1117 4990 saepius
1133 4951 1169 4960 —
