3775 5567
839 426 867 481 P.
887 426 1026 481 PAPINII
1045 426 1164 483 STATII

557 592 590 653 et
613 593 742 654 narrata
765 588 819 654 diu
843 590 995 655 uiderunt
1017 591 1127 656 oscula
1149 591 1246 657 ciues,

559 700 594 761 tu
618 700 725 762 tamen
749 697 916 783 attonitus,
940 699 1089 783 quamuis
1112 699 1188 764 <lata
1210 700 1304 784 eopia
1325 703 1435 764 tantae

558 804 672 889 noctis,
695 804 799 869 adhue
823 798 917 891 optas
940 805 1163 890 promissaque
1185 806 1317 871 numine
1340 806 1454 871 dextro

557 918 635 977 uota
658 934 766 997 paues.
799 934 893 998 pone,
917 935 936 977 ο
960 912 1076 999 dulcis,
1098 914 1251 998 suspiria,
1274 918 1375 1001 uates,

511 1036 516 1045 ·
558 1042 656 1105 pone:
678 1024 735 1085 tua
758 1024 815 1086 est.
852 1020 929 1086 lieet
952 1021 1138 1105 expositum
1161 1043 1220 1106 per
1242 1022 1342 1087 limen
1364 1025 1478 1105 aperto

557 1128 616 1214 ire,
640 1128 742 1193 redire
766 1126 881 1214 gradu:
904 1127 969 1192 iam
990 1149 1150 1213 nusquam
1174 1127 1293 1193 ianitor
1314 1134 1373 1193 aut
1394 1128 1446 1193 lex

557 1240 613 1301 aut
636 1236 748 1321 pudor.
785 1234 936 1320 amplexu
960 1235 1089 1301 tandem
1112 1235 1230 1301 satiare
1248 1236 1353 1321 petito

556 1341 738 1433 (contigitl)
762 1346 795 1407 et
818 1342 913 1409 duras
936 1343 1059 1428 pariter
1081 1343 1285 1409 reminiscere
1307 1348 1426 1410 noctes.

557 1452 656 1539 digna
680 1450 809 1536 quidem
832 1473 964 1539 merces,
987 1452 1070 1517 etsi
1093 1451 1156 1517 tibi
1180 1452 1261 1517 Iuno
1284 1452 1414 1518 labores

556 1558 733 1624 Herculeos
755 1557 880 1646 Stygiis
903 1563 936 1623 et
959 1559 987 1623 si
1011 1581 1199 1625 concurrere
1222 1560 1376 1625 monstris

557 1667 638 1732 Fata
660 1666 783 1751 darent,
805 1666 832 1731 ei
857 1664 1003 1751 Cyaneos
1024 1689 1173 1753 raperere
1197 1691 1256 1753 per
1278 1671 1395 1733 aestus.

557 1775 640 1839 hano
662 1778 798 1859 propter
820 1773 904 1840 tanti
927 1774 1042 1840 Pisaea
1063 1774 1136 1863 lege
1159 1779 1351 1841 trementem

556 1904 683 1947 currere
707 1885 740 1945 et
763 1880 917 1947 Oenomai
940 1882 1090 1948 fremitus
1112 1883 1223 1947 audire
1245 1882 1418 1967 sequentis.

556 2010 615 2053 neo
638 1989 665 2054 si
688 1988 851 2054 Dardania
875 1994 987 2075 pastor
1009 1990 1199 2055 temerarius
1221 1989 1278 2055 Ida

556 2095 701 2181 sedisses,
724 2096 803 2161 haec
826 2096 909 2162 dona
932 2096 1049 2182 forent,
1072 2119 1130 2162 nse
1153 2098 1181 2164 si
1203 2098 1288 2162 alma
1311 2119 1370 2181 per
1392 2118 1485 2162 auras

555 2208 588 2267 te
612 2203 723 2287 potius
745 2226 846 2288 pensa
868 2204 1002 2269 ueheret
1024 2204 1177 2269 Tithonia
1202 2205 1286 2291 biga.

645 2310 700 2375 sed
724 2333 806 2396 quae
829 2334 924 2377 eausa
948 2316 1037 2377 toros
1060 2311 1257 2397 inopinaque
1279 2312 1398 2399 gaudia
1421 2312 1506 2377 uatis

556 2418 682 2503 attulit,
704 2418 758 2483 hio
782 2440 920 2505 mecum,
943 2419 1020 2484 dum
1043 2419 1171 2484 seruent
1193 2419 1322 2505 agmine
1345 2424 1456 2503 postes

556 2525 701 2611 atriaque
726 2529 759 2590 et
782 2526 885 2591 multa
908 2526 1081 2611 pulsantur
1101 2526 1215 2592 limina
1238 2526 1339 2615 uirga,

556 2632 622 2718 hio,
645 2632 745 2698 Erato
769 2632 921 2719 iucunda,
944 2634 1030 2699 doce.
1068 2639 1162 2700 uacat
1184 2638 1263 2718 apta
1285 2656 1414 2699 mouere

556 2740 717 2825 colloquia
740 2744 772 2805 et
796 2740 880 2807 dooti
905 2747 1026 2807 norunt
1048 2742 1158 2807 audire
1182 2746 1324 2827 penates.

646 2848 739 2934 forte,
763 2848 900 2913 serenati
924 2870 989 2933 qus
1011 2852 1077 2913 stat
1097 2848 1198 2936 plaga
1218 2848 1323 2914 lactea
1345 2847 1434 2933 caeli,

556 2954 640 3020 alma
663 2953 773 3020 Venus
795 2955 938 3022 thalamo
963 2955 1058 3041 pulsa
1080 2956 1175 3021 modo
1198 2960 1293 3022 noete
1316 2955 1443 3021 iacebat

555 3062 708 3147 amplexu
731 3062 811 3127 duro
835 3062 938 3128 Getici
963 3062 1106 3128 resolute
1129 3063 1245 3129 mariti.

556 3169 658 3235 fulera
681 3173 833 3255 torosque
857 3170 933 3235 deae
958 3175 1105 3235 tenerum
1128 3171 1248 3255 premit
1270 3194 1387 3258 agmen
1410 3170 1581 3253 Amorum3

556 3276 650 3363 signa
672 3282 790 3362 petunt
813 3300 893 3363 quas
915 3278 999 3343 ferre
1022 3279 1117 3364 feces,
1141 3300 1223 3363 quae
1246 3282 1379 3362 pectora
1401 3278 1459 3364 figi
1643 3293 1677 3340 65

558 3368 715 3469 imperetz·
730 3406 770 3449 an
795 3384 889 3449 terris
913 3386 1037 3451 saeuire
1059 3407 1100 3449 an
1124 3385 1218 3450 malit
1240 3385 1274 3449 in
1297 3386 1401 3467 undis,

557 3514 596 3555 an
621 3491 755 3557 miseere
778 3493 855 3557 deos
877 3516 919 3558 an
942 3494 1047 3559 adhue
1069 3515 1187 3558 uexere
1210 3491 1398 3557 Tonantem.

556 3598 618 3682 ipsi
643 3599 769 3665 animus
792 3600 933 3665 nondum
957 3623 1016 3667 neo
1039 3600 1127 3666 cordi
1151 3602 1215 3665 fixa
1237 3600 1398 3665 uoluntas.

432 3816 465 3863 32
485 3809 520 3864 de
538 3808 743 3879 premissaque3
764 3818 866 3867 corn&
895 3810 1087 3883 permissaque
1107 3812 1242 3867 Heinsius
1273 3842 1308 3851 —
1340 3816 1375 3864 44
1394 3809 1514 3865 sedisses
1533 3783 1615 3862 elisia
1634 3807 1674 3860 Α*

344 3932 374 3941 -
395 3904 430 3953 st
449 3914 563 3970 prensa;
582 3918 652 3956 corr.
669 3901 793 3973 Guyetss
820 3917 952 3971 prensum
971 3902 1086 3957 neharot
1096 3901 1265 3957 Parrhasius
1290 3916 1422 3969 prensum
1437 3900 1572 3953 aueheret
1586 3898 1675 3953 Baeh-

342 3990 449 4044 resina
467 4018 502 4028 -
520 3988 713 4044 ssustie-
731 3989 901 4059 48lumina;
920 3998 1022 4047 cosm
1043 4024 1075 4033 -
1095 3997 1130 4047 65
1148 4007 1206 4059 qua
1223 3990 1296 4045 ferre
1314 3990 1477 4046 Slutschius
1495 4020 1530 4027 -

343 4108 556 4119 *ιιι-

431 4190 466 4240 30
489 4185 556 4240 Aah.
576 4185 653 4241 1241
679 4187 708 4241 et
730 4190 843 4256 sperate
867 4187 915 4242 diu
938 4186 1052 4259 plorant
1075 4187 1197 4243 conubia
1214 4186 1363 4258 Nymphae
1391 4218 1426 4227 -
1455 4191 1487 4239 31
1513 4184 1582 4239 Aah.
1596 4184 1610 4237 Ι
1625 4187 1676 4237 792

343 4276 440 4329 lantes
459 4274 528 4329 data
546 4273 629 4345 eopia
647 4275 788 4329 famae-
807 4282 841 4330 32
862 4275 959 4331 Claud.
978 4276 1048 4331 Bell.
1069 4276 1174 4333 Gilua
1203 4277 1298 4332 horret
1316 4275 1409 4330 adhuc
1428 4275 1539 4330 animus
1557 4273 1676 4329 manife-

343 4366 443 4433 staque
470 4363 577 4435 gaudia
604 4363 711 4432 differt,
740 4364 805 4419 dum
826 4368 922 4436 stupet
940 4368 971 4421 st
987 4369 1069 4422 tanto
1088 4370 1236 4422 cunctatur
1254 4366 1366 4421 credere
1385 4367 1452 4421 uoto
1478 4397 1514 4405 —
1539 4371 1573 4419 35
1592 4364 1675 4433 Verg.

342 4454 374 4508 A.
390 4452 427 4508 VI
444 4458 493 4507 122
508 4452 586 4523 itque
601 4453 729 4522 reditque
744 4454 820 4509 uiam
848 4456 882 4523 cf.
901 4456 968 4511 Hor.
982 4456 1099 4527 Epistl
1119 4462 1142 4511 7.
1162 4462 1196 4510 55
1214 4462 1240 4512 et
1257 4459 1368 4526 saepius
1380 4462 1456 4511 -38
1471 4456 1553 4526 Prop.
1568 4454 1594 4507 II
1608 4459 1676 4507 239

342 4541 430 4614 digna
443 4542 558 4612 quidem
576 4542 672 4610 facies,
691 4560 742 4613 pro
756 4560 813 4612 qus
827 4544 872 4599 uel
888 4544 981 4600 obiret
994 4544 1119 4601 Achilles
1134 4577 1167 4585 —
1182 4545 1250 4600 Silo.
1266 4546 1292 4599 11
1308 4553 1330 4600 1.
1350 4551 1402 4601 124
1419 4544 1588 4599 Herculeos.
1601 4586 1607 4598 .
1618 4586 1625 4597 .
1635 4542 1676 4597 la·

343 4632 423 4686 bores
449 4632 558 4687 Nemes.
574 4632 641 4701 Cyn.
655 4638 689 4685 32
709 4664 741 4673 -
762 4639 796 4687 39
806 4632 869 4688 Val.
880 4634 920 4689 sl.
932 4634 971 4690 ΠΙ
981 4640 1033 4689 512
1047 4634 1177 4705 Phrygiis
1193 4633 1266 4689 ultro
1281 4650 1444 4689 concurrere
1462 4633 1595 4688 monstris
1610 4632 1678 4685 Dra·

341 4724 415 4777 cont.
434 4720 472 4776 IV
493 4726 525 4776 17
553 4752 588 4761 -
615 4727 648 4776 41
669 4721 828 4778 Nemesisn.
854 4722 957 4795 Cyneg.
978 4731 1012 4779 23
1034 4724 1183 4794 Pisaeique
1206 4724 1262 4779 tori
1284 4723 1377 4795 legem
1397 4755 1428 4764 -
1449 4730 1482 4778 51
1502 4721 1590 4777 Theb.
1610 4722 1621 4774 1
1643 4726 1677 4773 ‘25

342 4809 429 4880 plaga
443 4810 539 4866 lueida
553 4810 625 4865 caeli
652 4812 755 4869 Auson.
769 4812 868 4868 Pasoh.
879 4816 916 4884 (p.
928 4819 962 4867 18
971 4813 1013 4885 P.)
1025 4820 1040 4869 7
1059 4814 1148 4869 seruit
1168 4812 1255 4885 plaga
1273 4812 1367 4869 122122
1386 4811 1459 4867 caeli
1491 4810 1579 4866 Rutil.
1593 4808 1675 4863 Nam.

342 4899 566 4955 112111191-
590 4906 623 4955 ὑ4
644 4900 738 4958 Sidon.
758 4901 786 4957 (l.
807 4902 845 4957 XI
860 4909 893 4957 42
913 4920 1017 4974 agmen
1034 4904 1215 4962 Amorum-
