3775 5567
729 466 913 522 SILVAltVM
932 466 989 520 113
1008 465 1065 520 114

444 632 635 698 reddideras.
680 635 715 696 at
737 653 822 697 nune
844 635 975 696 aeterua
997 630 1126 696 silentia
1149 629 1268 695 Lethes

445 740 499 804 ille
523 761 659 805 canorus
683 739 793 804 habes.
840 739 931 802 cedat
954 737 1171 802 Phaethontia
1194 737 1284 824 uulgi

443 847 566 914 fabula:
590 869 655 912 non
679 847 737 912 soli
763 846 927 912 celebrant
950 867 1009 910 sua
1031 846 1144 910 funera
1166 843 1271 932 cygni.
1527 861 1559 908 10

532 959 566 1020 at
590 954 652 1020 tibi
677 959 799 1040 quanta
822 953 936 1018 domus
959 951 1057 1018 rutila
1079 951 1241 1018 testudine
1264 952 1393 1038 fulgens

444 1085 649 1148 conexusque
673 1061 763 1128 ebori
789 1061 954 1148 uirgarum
977 1063 1149 1146 argenteus
1173 1059 1250 1125 ordo

443 1175 660 1257 argutumque
683 1174 740 1234 tuo
764 1167 933 1234 stridentia
956 1167 1068 1232 limina
1091 1189 1190 1232 cornu

442 1283 484 1362 et,
509 1277 662 1372 querulae
686 1277 747 1342 iam
773 1280 897 1362 sponte,
920 1276 1020 1340 fores!
1054 1279 1149 1340 uacat
1166 1274 1222 1339 ille
1240 1275 1356 1340 beatus

442 1409 550 1452 carcer
573 1390 605 1450 et
629 1383 758 1470 augusti
781 1405 943 1468 nusquam
966 1381 1112 1448 conuicia
1133 1382 1225 1448 tecti!

531 1493 593 1558 huc
617 1493 729 1557 doctae
752 1490 914 1576 stipentur
937 1513 1023 1576 aues,
1047 1490 1121 1573 quis
1143 1489 1254 1554 nobile
1277 1490 1365 1554 fandi

442 1601 492 1666 ius
515 1601 640 1667 Natura
664 1599 764 1665 dedit:
787 1599 923 1684 plangat
946 1597 1129 1662 Phoebeius
1152 1597 1219 1662 ales

442 1708 632 1793 auditasque
656 1729 779 1772 memor
804 1705 934 1791 penitus
960 1704 1121 1770 dimittere
1144 1726 1241 1769 uoces

441 1821 573 1882 sturnus
597 1819 630 1880 et
652 1814 758 1880 Aonio
783 1835 894 1878 uersae
918 1812 1092 1878 certamine
1115 1812 1206 1897 picae

442 1923 564 2009 quique
588 1924 686 1987 refert
709 1921 846 2008 iungens
870 1920 987 1986 iterata
1010 1918 1169 1985 uocabula
1191 1919 1306 2004 perdix

441 2034 474 2096 et
497 2051 580 2115 quae
603 2027 752 2094 Bistonio
778 2027 924 2112 queritur
948 2048 1040 2092 soror
1063 2026 1143 2091 orba
1166 2025 1279 2092 cubili:

440 2138 522 2202 ferte
547 2137 642 2202 simul
666 2135 807 2222 gemitus
831 2139 1034 2222 cognataque
1058 2133 1165 2199 ducite
1188 2134 1326 2199 flammis

440 2247 552 2310 funcra
571 2249 603 2309 et
622 2244 683 2309 hoc
702 2246 835 2309 cunctae
855 2242 1070 2307 miserandum
1089 2241 1244 2306 addiscite
1262 2264 1402 2307 carmen:

529 2351 658 2418 ‘occidit
681 2350 784 2416 aeriae
808 2349 1017 2416 celeberrima
1040 2349 1145 2436 gloria
1167 2349 1275 2435 gentis

441 2461 608 2546 psittacus,
631 2458 686 2524 ille
710 2457 825 2545 plagae
849 2457 962 2522 uiridis
986 2460 1138 2544 regnator
1160 2455 1257 2542 ane,

441 2590 537 2653 quem
560 2591 625 2632 non
648 2571 811 2654 gemmata
835 2565 976 2631 uolucris
999 2563 1136 2630 Iunonia
1158 2564 1258 2629 cauda

440 2675 582 2740 uinceret
606 2679 746 2759 aspectu,
769 2672 867 2760 gelidi
890 2695 957 2738 non
979 2671 1128 2737 Phasidis
1151 2671 1218 2736 ales

438 2805 498 2849 nec
522 2805 603 2867 quas
625 2781 772 2846 humenti
795 2779 955 2846 Numidae
978 2801 1113 2864 rapuere
1137 2779 1197 2844 sub
1222 2786 1345 2866 austro,

439 2889 494 2954 ille
517 2889 674 2954 salutator
697 2911 810 2976 regum
833 2908 1017 2972 nomenque
1039 2887 1168 2952 locutus

440 2995 629 3062 Caesareum
648 3001 681 3061 et
700 2995 827 3081 queruli
848 2995 1011 3081 qnondam
1030 2994 1100 3060 uice
1118 2995 1248 3059 functus
1268 2993 1371 3078 amici,

438 3126 523 3169 nunc
547 3103 684 3168 conuiua
706 3102 788 3168 leuis
812 3107 1056 3186 monstrataque
1079 3101 1210 3167 reddere
1234 3101 1334 3167 uerba

438 3216 506 3276 tam
528 3209 642 3294 facilis,
667 3232 731 3294 quo
755 3213 800 3289 tu,
824 3208 940 3274 Melior
963 3207 1088 3296 dilecte,
1110 3208 1235 3274 recluso

438 3340 616 3403 numquam
635 3317 723 3382 solus
747 3339 825 3381 eras.
866 3321 900 3381 at
922 3339 989 3381 non
1013 3315 1171 3403 inglorius
1194 3315 1319 3382 umbris

439 3424 593 3490 mittitur:
616 3423 751 3509 Assyrio
775 3424 897 3490 cineres
921 3423 1091 3489 adolentur
1110 3446 1237 3490 amomo

438 3539 471 3599 et
494 3537 607 3598 tenues
630 3531 775 3597 Arabum
800 3531 962 3616 respirant
985 3532 1129 3618 gramine
1153 3531 1282 3616 plumae

438 3640 639 3725 Sicaniisque
663 3639 773 3705 crocis
819 3639 908 3705 senio
931 3661 991 3704 nee
1014 3641 1117 3704 fessus
1140 3639 1235 3706 inerti

438 3748 569 3814 scandet
592 3747 743 3813 odoratos
766 3745 911 3812 Phoenix
934 3746 1060 3813 felicior
1082 3747 1195 3834 ignes?

313 3949 346 3997 10
365 3941 479 4014 angusti
498 3949 515 3996 ς
535 3973 570 3983 -
589 3941 717 3997 conuicia
735 3944 818 3998 etium
830 3942 867 3995 A·
887 3975 919 3983 -
940 3947 974 3996 80
992 3941 1089 3996 cornix
1107 3906 1322 4014 Dulectorupiuc
1340 3976 1374 3984 -
1393 3951 1428 3998 30
1447 3961 1481 4000 ae
1499 3962 1554 4000 non

223 4032 292 4085 1¹2
306 4064 339 4072 —
354 4037 388 4085 30
402 4031 531 4102 gramina
547 4075 587 4086 ...
605 4031 787 4101 Sicaniosque
802 4049 896 4088 crocos
911 4033 1097 4088 Morttoadru
1112 4065 1144 4072 —
1160 4037 1194 4086 87
1209 4033 1349 4090 somnies
1368 4035 1507 4106 gaudetlt
1521 4069 1554 4077 -

312 4217 328 4266 8
352 4209 402 4266 On.
427 4211 485 4264 hm.
505 4210 625 4265 11084
656 4210 795 4265 reddebas
822 4209 920 4266 blaeso
942 4213 1002 4264 tam
1029 4210 1101 4267 bene
1126 4211 1214 4266 uerba
1241 4229 1309 4267 sono
1351 4211 1554 4268 8111111174

222 4299 416 4368 meditataque
435 4299 566 4354 nerba—·
578 4299 645 4353 Silu.
665 4299 690 4353 II
709 4305 798 4354 8100
817 4299 931 4355 silentia
949 4299 1140 4355 Lethea-10
1159 4301 1242 4357 Mart.
1256 4301 1321 4356 xm
1337 4308 1405 4358 702
1424 4307 1555 4359 cantator

222 4405 325 4458 cycnus
344 4388 449 4444 funeris
468 4388 528 4459 ipse
548 4388 590 4442 sui
606 4421 638 4430 -
660 4395 692 4443 12
712 4389 762 4443 Ou.
783 4389 848 4444 Met.
866 4389 892 4443 Π
907 4394 960 4443 108
977 4389 1119 4445 radiorum
1139 4393 1288 4462 argenteus
1307 4392 1375 4448 ordo
1395 4425 1428 4434 -
1448 4399 1481 4448 14
1501 4393 1552 4448 Ou.

222 4479 297 4533 Fast.
312 4477 417 4532 111648
445 4477 576 4548 querulas
684 4477 758 4533 fores
788 4511 820 4519 -
850 4478 1148 4534 leuauerunt
1176 4479 1236 4536 alea
1335 4482 1491 4538 Phoebeius
1519 4515 1552 4524 -

222 4573 256 4621 19
275 4567 326 4622 011.
346 4567 516 4621 1111111301
543 4571 680 4622 auxerunt
703 4567 847 4623 uolucrum
871 4566 966 4623 uictae
987 4568 1140 4624 certamine
1163 4570 1276 4626 turbam
1304 4605 1337 4613 -
1367 4572 1552 4628 8401114111.

221 4656 246 4710 ll
265 4663 289 4710 8.
306 4661 340 4710 20
359 4655 457 4710 infelix
476 4655 572 4711 auium
591 4655 683 4726 gloria
709 4660 744 4725 cs.
764 4657 847 4712 Mart.
867 4657 912 4728 Sp.
933 4657 1054 4712 xvnla
1080 4691 1111 4698 -
1135 4659 1218 4732 Verg.
1237 4661 1270 4714 A.
1290 4662 1394 4716 111111
1413 4661 1553 4718 Troianae

220 4744 313 4816 gloria
339 4745 433 4816 gentis
461 4777 494 4787 -
524 4745 828 4802 250o.Am.11u1
857 4747 996 4818 psittacus
1024 4748 1091 4803 Eois
1118 4749 1255 4805 imitatrix
1279 4750 1338 4806 alea
1361 4752 1398 4806 ab
1421 4752 1499 4806 ludia
1517 4785 1552 4794 -

221 4839 255 4888 18
274 4833 342 4890 Silu.
363 4834 374 4888 1
393 4840 417 4889 6.
429 4837 462 4888 78
481 4851 551 4904 quas
571 4835 627 4890 udo
646 4834 786 4892 Numidae
804 4836 904 4908 legunt
923 4836 975 4891 sub
995 4841 1091 4894 austro
1110 4871 1142 4880 -
1166 4831 1173 4844 '
