3775 5567
832 444 862 501 P.
881 442 1018 499 PAPlNll
1037 440 1155 499 STATll

541 609 627 675 inter
647 606 841 694 Amyclaeos
863 607 1017 693 reptabat
1039 605 1173 673 candida
1195 606 1325 692 fratres,

541 716 594 782 uel
618 714 722 802 qualis
745 715 824 781 caeli
847 715 960 801 facies,
983 714 1041 781 ubi
1063 718 1158 781 nocte
1182 734 1294 779 serena

541 822 712 889 admouere
735 823 830 888 iubar
852 822 976 888 mediae
1000 822 1063 889 duo
1087 820 1193 888 sidera
1214 821 1319 887 lunae.

629 929 686 995 sed
706 952 822 1016 queror
840 930 926 995 haud
944 929 1064 1015 faciles,
1083 928 1238 995 iuuenum
1252 928 1422 1017 rarissime,
1440 934 1573 1015 questus

541 1038 724 1124 irascorque
748 1036 859 1123 etiam,
882 1039 1039 1122 quantum
1061 1036 1245 1102 irascuntur
1268 1040 1420 1102 amantes,

541 1149 673 1211 tantane
696 1166 747 1209 me
772 1143 879 1209 decuit
902 1143 1031 1231 uulgari
1054 1142 1173 1230 gaudia
1194 1143 1280 1209 fama

542 1252 696 1319 noscere?
732 1273 869 1338 eumque
892 1250 955 1317 tibi
980 1250 1106 1337 uagiret
1130 1249 1245 1316 tertius
1269 1250 1388 1337 infans,

543 1360 692 1447 protinus
715 1358 840 1447 ingenti
864 1381 931 1424 non
953 1356 1044 1423 uenit
1067 1357 1182 1424 nuntia
1204 1380 1299 1425 eursu

541 1469 665 1555 littera,
688 1488 770 1551 quae
792 1467 894 1532 festos
917 1464 1080 1532 cumulare
1104 1464 1262 1531 altaribus
1285 1466 1378 1553 ignes

543 1581 577 1642 et
599 1573 749 1641 redimire
772 1572 890 1658 chelyn
912 1577 1087 1659 postesque
1111 1594 1224 1639 ornare
1247 1572 1376 1638 iuberet

543 1681 737 1767 Albanoque
760 1681 872 1746 cadum
896 1679 1080 1746 sordentem
1102 1702 1250 1765 promere
1273 1679 1362 1745 fumo

544 1795 577 1857 et
599 1794 695 1856 cautu
718 1787 847 1876 signare
869 1788 968 1875 diem,
992 1787 1046 1853 sed
1069 1787 1180 1854 tardus
1202 1787 1352 1873 inersque

544 1919 630 1964 nunc
653 1896 782 1962 demum
804 1916 876 1959 mea
898 1898 976 1960 uota
999 1893 1101 1960 cano?
1142 1897 1199 1961 tua
1222 1895 1316 1980 eulpa
1338 1898 1477 1981 tuusque

542 2004 596 2070 hic
619 2002 733 2089 pudor.
778 2001 915 2067 ulterius
937 2001 993 2067 sed
1017 2000 1102 2066 euim
1125 2000 1303 2087 producere
1327 2007 1460 2087 questus

543 2135 609 2178 non
631 2111 721 2195 licet3
744 2132 783 2175 en
806 2108 920 2175 hilaris
942 2108 1130 2175 circumstat
1151 2110 1249 2175 turba
1271 2114 1401 2175 tuorum

545 2219 754 2303 defensatque
773 2221 908 2303 patrem.
945 2237 1042 2302 quem
1060 2238 1126 2281 non
1143 2216 1206 2282 hoc
1224 2216 1352 2303 agmine
1371 2217 1504 2284 uineas?

634 2326 678 2390 ‘di
700 2322 812 2410 patrii,
835 2344 916 2408 quos
939 2322 1084 2409 auguriis
1108 2344 1205 2407 super
1228 2346 1368 2408 aequora
1390 2324 1517 2413 magnis

544 2434 623 2499 litus
646 2432 686 2497 ad
708 2428 890 2497 Ausonium
914 2430 1045 2495 deuexit
1067 2429 1212 2495 Abantia
1234 2430 1358 2497 classis:

545 2545 595 2626 tu,
619 2538 733 2605 ductor
755 2537 870 2624 populi
893 2537 991 2625 longa
1014 2536 1198 2625 migrantis,
1222 2538 1355 2625 Apollo,

545 2647 637 2714 cuius
659 2646 763 2713 adhuc
785 2645 950 2711 uolucrem
974 2646 1066 2711 laeua
1089 2644 1212 2711 ceruice
1236 2646 1400 2713 sedantem

545 2753 723 2841 respiciens
745 2752 862 2819 blande
885 2752 965 2819 felix
987 2750 1132 2817 Eumelis
1155 2752 1280 2838 adorat,

545 2868 660 2949 tuque,
682 2861 804 2927 Actaea
826 2858 936 2945 Ceres,
960 2882 1056 2925 cursu
1080 2860 1131 2925 cui
1155 2882 1281 2945 semper
1304 2862 1420 2927 anhelo

545 2970 692 3037 uotiuum
714 2968 806 3035 taciti
829 2990 1019 3054 quassamus
1041 2967 1191 3054 lampada
1214 2973 1352 3054 mystae,

547 3083 580 3144 et
602 3099 674 3164 uos,
697 3075 912 3161 Tyndaridae,
938 3096 1020 3160 quos
1042 3096 1108 3141 non
1130 3075 1290 3141 horrenda
1311 3076 1454 3165 Lycurgi

545 3186 692 3273 Taygeta
714 3184 950 3268 umbrosaeque
974 3182 1079 3270 magis
1102 3182 1228 3249 coluere
1252 3182 1454 3269 Therapnae:

545 3294 606 3358 hos
630 3314 703 3357 eum
726 3290 822 3376 plebe
846 3312 916 3374 sua,
939 3288 1052 3374 patrii,
1075 3292 1202 3355 seruate
1225 3293 1369 3375 penates.

546 3400 625 3487 sint,
649 3398 705 3484 qui
727 3399 846 3464 fessam
868 3419 949 3462 aeuo
973 3395 1158 3482 crebrisque
1180 3396 1349 3463 laboribus
1373 3399 1487 3465 urbem

546 3529 626 3573 uoce
644 3504 961 3591 opibusqueiuuent
979 3503 1139 3588 uiridique
1158 3502 1193 3571 in
1210 3504 1340 3571 nomine
1360 3512 1498 3573 seruent.

546 3614 598 3681 his
620 3612 765 3699 placidos
789 3610 918 3699 genitor
940 3632 1047 3676 mores
1069 3611 1259 3699 largumque
1284 3612 1423 3679 nitorem

547 3723 706 3787 monstret
724 3741 817 3805 auus,
840 3718 995 3804 pulchrae
1014 3718 1157 3784 studium
1176 3719 1309 3786 uirtutis
1328 3724 1472 3807 uterque.

548 3828 670 3914 quippe
689 3831 723 3892 et
742 3847 821 3911 opes
839 3829 872 3890 et
891 3825 984 3913 origo
1003 3824 1115 3891 sinunt
1132 3824 1215 3891 hanc
1233 3826 1381 3913 lampade
1401 3828 1505 3913 prima

547 3935 700 4022 patricias
723 3934 843 3999 intrare
866 3933 967 4018 fores,
989 3933 1050 3998 hos
1073 3932 1161 4022 pube
1186 3934 1246 4000 sub
1270 3934 1357 4021 ipsa,
1634 3955 1668 4002 so

548 4043 576 4109 si
599 4041 695 4109 modo
718 4062 821 4125 prona
844 4040 940 4106 bonis
963 4039 1078 4106 inuicti
1102 4040 1246 4107 Caesaris
1269 4040 1377 4109 adsint

547 4150 693 4235 numina,
715 4147 866 4214 Romulei
888 4147 988 4213 limen
1011 4146 1141 4233 pulsare
1164 4150 1313 4215 senatus'

337 4262 550 4271 .----.--

424 4318 459 4365 32
483 4308 660 4366 carissimas
683 4340 718 4349 -
741 4313 777 4362 40
795 4308 873 4361 creta
891 4305 1003 4377 signare
1022 4308 1165 4363 Bentleias
1189 4339 1222 4347 -
1251 4307 1290 4363 sic
1310 4308 1407 4363 tardus
1427 4310 1612 4366 Baetreass'cs
1635 4343 1667 4351 -

335 4407 370 4456 45
389 4400 426 4455 ab
437 4398 522 4455 anxia
531 4398 644 4467 classis;
662 4415 731 4454 corr.
746 4415 763 4450 ι
773 4427 807 4437 -
821 4401 856 4449 50
870 4399 958 4466 tuque
970 4412 1039 4451 acca
1053 4412 1142 4466 ecres3
1161 4414 1256 4453 eorm
1274 4400 1309 4466 cs.
1325 4396 1447 4453 V2.1·28
1461 4430 1496 4439 -
1511 4404 1545 4453 54
1559 4398 1668 4471 patriae

336 4492 496 4547 Groaouius
521 4521 556 4531 —
584 4493 618 4542 57
641 4485 783 4557 placidus3
807 4493 909 4542 coras
942 4486 993 4541 bos
1015 4484 1145 4556 placidus
1165 4486 1338 4543 Sedlmustus
1364 4519 1400 4528 -
1428 4493 1461 4541 59
1486 4488 1583 4543 sinunt
1602 4488 1669 4557 bac;

336 4580 572 4637 comemorans
590 4608 624 4617 -

426 4746 461 4795 54
480 4740 531 4796 On.
545 4738 610 4795 Her.
625 4736 695 4794 vlo
714 4754 763 4793 cur
781 4736 852 4792 mihi
870 4738 948 4793 fama
966 4736 1042 4808 prior
1060 4752 1145 4806 quam
1163 4736 1264 4793 nuntia
1283 4737 1380 4793 littera
1397 4736 1478 4793 uenit
1500 4770 1535 4779 -
1558 4742 1592 4792 45
1607 4736 1668 4793 Tib.

337 4830 452 4885 111.1r
477 4829 507 4883 di
525 4827 612 4900 patrii
639 4858 674 4869 -
702 4833 734 4882 51
753 4826 858 4883 Lucan.
874 4827 912 4881 111
928 4834 961 4881 15
980 4828 1130 4896 quaterent
1149 4870 1154 4882 .
1170 4870 1176 4883 .
1192 4868 1199 4883 .
1218 4826 1365 4898 lampadas
1384 4829 1420 4895 cs.
1440 4826 1498 4883 Silu
1528 4828 1570 4849 '⁶
1598 4832 1606 4849 ¹

337 4924 371 4975 57
390 4921 426 4988 cs.
444 4920 483 4975 cd
500 4917 539 4973 1v
554 4923 578 4973 4.
595 4923 629 4973 72
647 4948 682 4959 -
700 4924 736 4973 57
755 4917 949 4975 suuvsao
967 4916 1112 4987 penetrale
1132 4918 1245 4973 senatus
1326 4915 1474 4989 pulsasti-
