3775 5567
724 447 911 508 auvam
929 449 972 506 1⁶
991 449 1035 504 1c

874 763 895 826 6

582 876 633 973 llt
655 904 808 970 Phoebus
832 906 926 990 pater
949 906 982 968 et
1004 923 1117 968 seuera
1139 899 1248 966 Pallas

519 1016 552 1077 et
574 1011 686 1076 Musae
709 1010 822 1097 procul
845 1009 890 1076 ite
913 1009 1056 1094 feriatae,

519 1116 588 1184 lani
612 1140 670 1184 uos
692 1118 918 1185 reuocabimus
940 1116 1102 1183 Kalendis.

521 1224 678 1291 Saturnus
701 1225 781 1290 mihi
805 1225 960 1311 compede
982 1224 1130 1290 exsoluta

520 1337 554 1398 et
576 1333 679 1399 multo
703 1312 968 1421 pauidusmero
992 1330 1171 1398 December

523 1445 556 1505 et
579 1439 686 1506 ridens
708 1438 802 1506 Iocus
825 1445 858 1506 et
881 1439 971 1506 Sales
994 1438 1139 1526 proterui

522 1547 642 1632 adsint,
665 1547 741 1612 dum
764 1548 868 1613 refero
892 1546 978 1612 diem
1001 1547 1134 1612 beatum

521 1653 598 1718 laeti
623 1653 767 1720 Caesaris
791 1653 978 1740 ebriamque
1001 1653 1150 1739 *partem

612 1761 668 1827 uix
691 1762 819 1828 Aurora
840 1784 943 1828 nouos
966 1762 1120 1827 mouebat
1143 1765 1244 1846 ortus,

524 1868 588 1934 iam
612 1868 746 1933 bellaria
768 1868 854 1934 linea
876 1869 1035 1954 pluebant

524 1975 625 2063 (hune
647 1997 753 2042 rorem
777 1976 910 2042 ueniens
932 1976 1078 2062 profudit
1101 1973 1237 2063 Eurus):

527 2082 680 2168 quicquid
702 2082 812 2148 nobile
836 2083 981 2149 Ponticis
1003 2083 1130 2149 nucetis

525 2189 671 2256 fecundis
693 2189 779 2256 cadit
802 2194 859 2255 aut
881 2190 968 2278 iugis
989 2188 1126 2276 Idumen,

527 2297 614 2382 quod
636 2293 733 2362 ramis
756 2296 813 2383 pia
835 2297 996 2385 germinat
1019 2296 1193 2363 Damascos

527 2410 560 2470 et
584 2426 648 2490 quo
672 2405 844 2490 percoquit
867 2404 1023 2498 faebosia
1045 2427 1173 2491 cennos,

527 2511 626 2598 largis
649 2511 827 2598 gratuitum
851 2512 937 2578 eadit
960 2512 1097 2598 rapinis5

528 2618 642 2685 molles
664 2617 763 2704 gaioli
786 2616 1011 2704 lueuntulique

528 2731 561 2791 et
584 2724 699 2790 massis
721 2723 876 2790 Amerina
897 2748 964 2792 non
987 2727 1129 2810 perustis

529 2837 563 2898 et
585 2836 769 2898 mustaceus
792 2836 826 2898 et
848 2832 970 2898 latente
994 2833 1103 2918 palma

530 2943 747 3026 praegnantes
770 2939 950 3024 caryotides
974 2940 1140 3006 cadebant.

529 3069 595 3112 non
618 3045 719 3111 tantis
741 3045 833 3131 Hyas
856 3047 1003 3113 inserena
1025 3047 1146 3113 nimbis

531 3158 633 3219 terras
655 3152 766 3218 obruit
789 3158 846 3220 aut
869 3155 975 3220 soluta
997 3154 1093 3241 Plias,

534 3260 638 3346 qualis
662 3283 721 3346 per
744 3282 862 3326 cuneos
884 3261 989 3327 hiems
1012 3261 1146 3328 Latinos

533 3367 663 3453 plebem
686 3367 842 3454 grandine
865 3368 1014 3434 contudit
1036 3391 1157 3435 serena.

533 3475 628 3540 ducat
650 3473 765 3541 nubila
786 3472 934 3562 luppiter
957 3498 1016 3562 per
1038 3476 1152 3542 orbem

534 3581 665 3647 stlatis
687 3580 817 3667 pluuias
840 3582 983 3648 minetur
1004 3583 1100 3670 agris,

536 3689 612 3754 dum
634 3687 737 3754 nostri
760 3686 848 3754 louis
871 3689 924 3754 hie
947 3690 1093 3754 ferantur
1115 3689 1244 3756 imbres.

625 3817 697 3861 ecce
721 3799 829 3861 autem
852 3819 966 3862 caueae
990 3797 1079 3862 subit
1102 3820 1161 3882 per
1183 3797 1288 3864 omnis

538 3903 676 3990 insignis
700 3903 819 3989 specie,
843 3903 957 3970 decora
980 3905 1070 3970 cultu

536 4010 650 4097 plebes
673 4009 775 4074 altera
797 4032 863 4076 non
885 4010 992 4077 minor
1014 4012 1155 4078 sedente.
1534 4030 1569 4078 ao

237 4132 449 4142 .-—-———-

325 4215 342 4264 0
360 4205 537 4264 Kalendae
557 4205 760 4260 Decembres
779 4237 812 4246 -
834 4205 978 4260 lbeatam
995 4207 1076 4278 aolpc
1098 4239 1129 4247 -
1151 4212 1167 4260 8
1186 4209 1300 4278 partem
1318 4206 1439 4277 partben
1452 4226 1470 4261 ι
1506 4223 1571 4278 par-

236 4305 296 4355 tem
309 4305 333 4353 R
351 4331 384 4340 -
406 4302 439 4354 10
461 4296 520 4351 iam
543 4293 663 4350 uessmia
684 4293 761 4348 linea
783 4293 852 4365 (iam
875 4295 985 4351 uelaria
1003 4294 1080 4352 linea
1097 4295 1164 4365 Δ“);
1187 4295 1264 4351 linea
1283 4299 1315 4351 in
1333 4301 1360 4348 Ι
1379 4299 1422 4352 ito
1439 4299 1572 4367 sciptum

236 4396 276 4444 est
293 4395 324 4445 ot
339 4405 394 4458 pre
411 4386 498 4440 borea
515 4385 598 4452 facilc
616 4384 735 4456 leporum
755 4383 841 4439 borea
859 4403 876 4436 ι
896 4417 926 4425 -
949 4390 980 4439 11
997 4384 1110 4455 profudi
1124 4385 1176 4454 1¹3
1195 4403 1234 4440 aa
1252 4384 1416 4456 profundit?
1437 4417 1470 4426 —
1491 4392 1524 4440 lo
1543 4388 1573 4439 et

237 4477 315 4547 quod
333 4497 362 4545 a,
386 4479 415 4530 et
438 4491 510 4544 quae
530 4473 674 4529 Krobnius
695 4504 732 4513 -
757 4475 890 4529 aestuosa
908 4473 1018 4529 Caunos
1037 4475 1170 4544 Imlroftus
1205 4474 1318 4529 ebriosa
1336 4473 1447 4530 Caunos
1470 4475 1580 4530 Walter

237 4566 358 4622 Ebusita
375 4563 474 4619 cannis
493 4563 641 4620 Geoortieer
659 4591 693 4604 -
713 4567 746 4616 16
765 4562 859 4630 cadet3
878 4581 978 4619 corae
997 4595 1030 4604 -
1051 4568 1083 4617 17
1103 4562 1188 4619 caioli
1200 4564 1246 4620 ael
1263 4563 1401 4619 amanlis
1420 4595 1454 4604 -
1473 4561 1574 4633 lugun-

240 4655 350 4725 tulique
360 4651 573 4726 (lagunculique
584 4654 626 4722 ς);
641 4650 839 4721 lucunculique
851 4653 995 4709 Ymnebue
1004 4683 1037 4693 —-
1052 4658 1085 4707 18
1094 4655 1224 4724 perustus
1233 4655 1303 4723 (A⁸);
1317 4671 1387 4709 corr.
1398 4672 1415 4707 a
1425 4683 1458 4694 -
1469 4658 1504 4706 20
1514 4669 1575 4723 pre·

239 4747 341 4816 gnatos
364 4743 405 4796 A·
440 4743 591 4814 prognatae
609 4745 636 4792 Π
662 4742 852 4812 praegrandes
872 4749 890 4798 ς
910 4773 944 4784 -
965 4748 1000 4795 23
1018 4741 1099 4812 quali
1117 4741 1304 4800 Marklandus
1321 4772 1358 4784 —-
1376 4747 1410 4796 24
1428 4742 1576 4811 coneudit;

238 4852 308 4891 corr.
333 4833 476 4890 Krobm'ua
512 4830 639 4886 concutit
657 4836 674 4885 ς
699 4861 733 4872 -
758 4848 898 4900 serenam
916 4849 986 4889 corr.
1005 4831 1141 4888 Hense
1163 4861 1197 4873 -
1220 4837 1254 4885 26
1273 4831 1357 4886 laetis
1378 4832 1523 4888 Morellius
1541 4861 1577 4874 -

240 4929 274 4980 2¹1
294 4922 484 4990 riferonem
503 4939 573 4979 corr.
597 4920 817 4978 Wacbamutlu'as
836 4953 869 4964 -
893 4927 927 4977 29
947 4921 1068 4993 speeiem
1090 4929 1197 4979 eom
1222 4953 1257 4962 -

1307 5012 1342 5065 δί
