3775 5567
303 456 346 523 56
611 542 621 579 Ι
814 456 844 513 P.
864 456 1001 512 PAPINII
1018 456 1137 513 STATII

301 627 423 689 metros
454 622 564 688 habeb.
609 626 644 687 ab
671 623 808 689 fortasse
840 626 876 687 lu
905 646 966 707 pro
993 622 1119 710 collega
1146 620 1322 689 mentieris.
1370 620 1524 688 Manilius
1551 625 1637 688 carte
1655 638 1691 687 20

303 729 478 817 Vopiscus,
511 729 561 795 uir
589 730 825 797 eruditissimus
853 734 886 795 eb
914 730 970 815 qui
1003 730 1177 815 praecipue
1205 730 1348 796 uindicat
1375 751 1394 794 a
1420 729 1485 795 sibu
1513 728 1639 795 litteras

304 838 367 903 iarn
391 859 493 923 paene
521 837 697 925 fugientes,
729 837 812 903 solet
839 837 926 903 ultro
955 859 1083 924 quoque
1110 838 1240 904 nomine
1267 859 1340 903 meo
1368 836 1500 924 gloriari
1527 835 1639 902 uillam

302 944 508 1011 Tiburtinam
527 967 619 1011 suam
638 944 688 1031 [3]
708 944 903 1029 descriptam
927 968 945 1009 a
968 945 1065 1010 nobis
1083 967 1148 1010 uno
1167 946 1227 1012 die.
1268 944 1416 1029 sequitur
1438 944 1488 1030 [4]
1508 943 1640 1010 libellus

302 1052 427 1126 Rutilio
456 1052 579 1119 Gallico
608 1052 844 1119 conualescenbi
873 1052 1051 1139 dedicabis,
1079 1053 1118 1117 de
1146 1075 1210 1138 quo
1238 1052 1321 1118 nihil
1349 1052 1433 1135 dico,
1460 1074 1501 1117 ne
1528 1051 1640 1117 uidear

302 1160 446 1227 defuncti
470 1160 564 1225 lesbia
587 1160 754 1227 occasione
777 1160 916 1226 mentiri.
962 1182 1038 1225 nam
1057 1160 1107 1246 [5]
1127 1159 1240 1226 Claudi
1264 1159 1392 1225 Etrusci
1415 1158 1639 1225 testimonium
1657 1176 1692 1225 25

304 1272 369 1354 est,
392 1268 447 1353 qui
473 1268 657 1334 balneolum
680 1292 699 1333 a
720 1291 770 1333 me
790 1291 883 1334 suum
903 1268 989 1333 intra
1006 1289 1130 1333 moram
1148 1289 1245 1333 cenae
1263 1267 1395 1353 recepit.
1427 1267 1463 1332 in
1480 1269 1544 1332 fine
1562 1270 1639 1332 sunt

305 1376 355 1461 [6]
379 1374 542 1441 Kalendae
570 1375 779 1460 Decembres,
806 1375 926 1461 quibus
954 1375 1067 1460 ubique
1094 1375 1247 1440 credibur:
1279 1379 1407 1441 noctem
1435 1374 1521 1441 enim
1548 1374 1638 1439 illam

304 1482 523 1549 felicissimam
547 1486 581 1548 et
603 1482 831 1568 uoluptatibus
855 1482 997 1568 publicis
1020 1482 1222 1568 inexpertam
1246 1534 1253 1547 .
1277 1534 1284 1547 .
1309 1534 1315 1547 .
1340 1534 1347 1547 .

392 1718 428 1767 uo
446 1715 475 1767 et
492 1712 625 1783 forbacum
644 1731 713 1771 cerr.
733 1714 901 1770 Bemarts‘ua
915 1746 951 1753 -
964 1712 1101 1781 manlius;
1120 1729 1189 1769 corr.
1207 1712 1408 1770 Fricdluender
1427 1745 1460 1755 —
1479 1719 1514 1769 24
1532 1712 1638 1783 gallico

305 1802 534 1893 esbualeiiti1¹
556 1840 662 1895 litterae
683 1842 886 1911 suprascriptas
913 1840 1014 1895 deleuit
1036 1845 1061 1895 et
1087 1840 1120 1893 in
1137 1840 1262 1910 maraine
1279 1840 1378 1909 placit
1395 1837 1505 1893 calenti
1521 1838 1570 1893 1².
1601 1840 1640 1893 In

305 1947 322 1981 ι
337 1936 400 1999 post
419 1927 541 1998 Galbae,
564 1929 691 1985 meierum
708 1946 804 1985 uersus
822 1930 949 1998 uerbum,
971 1945 1018 1984 esc
1036 1930 1148 1985 addidit
1166 1928 1325 1984 Politiaaaa
1346 1945 1409 1984 cum
1430 1929 1583 1983 artimonic
1605 1944 1640 1983 aa·

305 2017 352 2087 Β,
370 2024 402 2075 ul
419 2018 538 2075 uidetur.
576 2017 685 2074 Gallico
704 2020 749 2074 est
766 2017 875 2073 ualenti
892 2026 952 2075 cell.
971 2020 1049 2075 codd.
