<?xml version="1.0" encoding="UTF-8"?>
<!DOCTYPE html PUBLIC "-//W3C//DTD XHTML 1.0 Transitional//EN"
    "http://www.w3.org/TR/xhtml1/DTD/xhtml1-transitional.dtd">
<html xmlns="http://www.w3.org/1999/xhtml" xml:lang="en" lang="en">
 <head>
  <title>
</title>
<meta http-equiv="Content-Type" content="text/html;charset=utf-8" />
  <meta name='ocr-system' content='tesseract 3.04.00' />
  <meta name='ocr-capabilities' content='ocr_page ocr_carea ocr_par ocr_line ocrx_word'/>
</head>
<body>
  <div class='ocr_page' id='page_1' title='image "./silvarvmlibri01buecgoog_0138.png"; bbox 0 0 3775 5567; ppageno 0'>
   <div class='ocr_carea' id='block_1_1' title="bbox 664 441 2314 520">
    <p class='ocr_par' dir='ltr' id='par_1_1' title="bbox 664 441 2314 520">
     <span class='ocr_line' id='line_1_1' title="bbox 664 441 2314 520; baseline -0.001 -23"><span class='ocrx_word' id='word_1_1' title='bbox 664 445 789 510; x_wconf 84' lang='lat'><strong>116</strong></span> <span class='ocrx_word' id='word_1_2' title='bbox 1662 444 1723 499; x_wconf 88' lang='lat' dir='ltr'><strong>P.</strong></span> <span class='ocrx_word' id='word_1_3' title='bbox 1765 442 2041 497; x_wconf 72' lang='lat' dir='ltr'><strong>PAPmn</strong></span> <span class='ocrx_word' id='word_1_4' title='bbox 2079 441 2314 520; x_wconf 75' lang='lat' dir='ltr'><strong>s‘rA‘rn</strong></span> 
     </span>
    </p>
   </div>
   <div class='ocr_carea' id='block_1_2' title="bbox 1746 991 2237 1068">
    <p class='ocr_par' dir='ltr' id='par_1_2' title="bbox 1746 991 2237 1068">
     <span class='ocr_line' id='line_1_2' title="bbox 1746 991 2237 1068; baseline -0.01 0"><span class='ocrx_word' id='word_1_5' title='bbox 1746 992 2074 1068; x_wconf 84' lang='lat' dir='ltr'>LIBER</span> <span class='ocrx_word' id='word_1_6' title='bbox 2128 991 2237 1063; x_wconf 95' lang='grc' dir='ltr'><strong>ΠΙ</strong></span> 
     </span>
    </p>
   </div>
   <div class='ocr_carea' id='block_1_3' title="bbox 780 1166 3333 1390">
    <p class='ocr_par' dir='ltr' id='par_1_3' title="bbox 780 1166 3333 1390">
     <span class='ocr_line' id='line_1_3' title="bbox 1420 1166 2575 1218; baseline -0.003 0"><span class='ocrx_word' id='word_1_7' title='bbox 1420 1167 2019 1218; x_wconf 77' lang='lat' dir='ltr'><strong>STATrvs·POLL10</strong></span> <span class='ocrx_word' id='word_1_8' title='bbox 2068 1166 2198 1215; x_wconf 82' lang='lat' dir='ltr'><strong>svo</strong></span> <span class='ocrx_word' id='word_1_9' title='bbox 2247 1166 2575 1215; x_wconf 72' lang='lat' dir='ltr'>SALVTEM</span> 
     </span>
     <span class='ocr_line' id='line_1_4' title="bbox 780 1276 3333 1390; baseline -0.002 -18"><span class='ocrx_word' id='word_1_10' title='bbox 780 1276 943 1373; x_wconf 86' lang='lat' dir='ltr'><strong>Tibi</strong></span> <span class='ocrx_word' id='word_1_11' title='bbox 992 1309 1190 1390; x_wconf 88' lang='lat' dir='ltr'><strong>certe,</strong></span> <span class='ocrx_word' id='word_1_12' title='bbox 1243 1304 1414 1369; x_wconf 91' lang='lat' dir='ltr'><strong>Polli</strong></span> <span class='ocrx_word' id='word_1_13' title='bbox 1461 1303 1827 1370; x_wconf 83' lang='lat' dir='ltr'><strong>dulcissime</strong></span> <span class='ocrx_word' id='word_1_14' title='bbox 1874 1308 1943 1368; x_wconf 93' lang='lat' dir='ltr'><strong>et</strong></span> <span class='ocrx_word' id='word_1_15' title='bbox 1986 1304 2107 1369; x_wconf 86' lang='lat' dir='ltr'><strong>hac</strong></span> <span class='ocrx_word' id='word_1_16' title='bbox 2145 1302 2247 1366; x_wconf 92' lang='lat' dir='ltr'><strong>cui</strong></span> <span class='ocrx_word' id='word_1_17' title='bbox 2295 1307 2429 1367; x_wconf 82' lang='lat' dir='ltr'><strong>tam</strong></span> <span class='ocrx_word' id='word_1_18' title='bbox 2466 1302 2745 1368; x_wconf 86' lang='lat' dir='ltr'><strong>fideliter</strong></span> <span class='ocrx_word' id='word_1_19' title='bbox 2780 1302 3075 1369; x_wconf 81' lang='lat' dir='ltr'><strong>inhaeres</strong></span> <span class='ocrx_word' id='word_1_20' title='bbox 3117 1302 3333 1388; x_wconf 87' lang='lat' dir='ltr'><strong>quiete</strong></span> 
     </span>
    </p>
   </div>
   <div class='ocr_carea' id='block_1_4' title="bbox 658 1395 3438 1499">
    <p class='ocr_par' dir='ltr' id='par_1_4' title="bbox 658 1395 3438 1499">
     <span class='ocr_line' id='line_1_5' title="bbox 658 1395 3438 1499; baseline -0 -23"><span class='ocrx_word' id='word_1_21' title='bbox 658 1411 1063 1499; x_wconf 84' lang='lat' dir='ltr'><strong>dignissime,</strong></span> <span class='ocrx_word' id='word_1_22' title='bbox 1109 1434 1238 1477; x_wconf 90' lang='lat' dir='ltr'><strong>non</strong></span> <span class='ocrx_word' id='word_1_23' title='bbox 1282 1395 1494 1477; x_wconf 88' lang='lat' dir='ltr'><strong>habeo</strong></span> <span class='ocrx_word' id='word_1_24' title='bbox 1543 1412 1652 1475; x_wconf 92' lang='lat' dir='ltr'><strong>diu</strong></span> <span class='ocrx_word' id='word_1_25' title='bbox 1697 1410 2098 1497; x_wconf 78' lang='lat' dir='ltr'>probandam</span> <span class='ocrx_word' id='word_1_26' title='bbox 2145 1409 2514 1476; x_wconf 87' lang='lat' dir='ltr'><strong>libellorum</strong></span> <span class='ocrx_word' id='word_1_27' title='bbox 2561 1409 2833 1476; x_wconf 89' lang='lat' dir='ltr'><strong>istorum</strong></span> <span class='ocrx_word' id='word_1_28' title='bbox 2880 1410 3330 1495; x_wconf 74' lang='lat' dir='ltr'><strong>temeritatem,</strong></span> <span class='ocrx_word' id='word_1_29' title='bbox 3431 1442 3438 1447; x_wconf 94' lang='lat'><strong>·</strong></span> 
     </span>
    </p>
   </div>
   <div class='ocr_carea' id='block_1_5' title="bbox 651 1516 3330 3105">
    <p class='ocr_par' dir='ltr' id='par_1_5' title="bbox 651 1516 3330 3105">
     <span class='ocr_line' id='line_1_6' title="bbox 656 1516 3328 1584; baseline 0 -1"><span class='ocrx_word' id='word_1_30' title='bbox 656 1540 801 1584; x_wconf 90' lang='lat' dir='ltr'><strong>cum</strong></span> <span class='ocrx_word' id='word_1_31' title='bbox 848 1518 1012 1583; x_wconf 84' lang='lat' dir='ltr'><strong>scias</strong></span> <span class='ocrx_word' id='word_1_32' title='bbox 1068 1518 1310 1584; x_wconf 85' lang='lat' dir='ltr'><strong>multos</strong></span> <span class='ocrx_word' id='word_1_33' title='bbox 1358 1540 1437 1582; x_wconf 86' lang='lat' dir='ltr'><strong>ex</strong></span> <span class='ocrx_word' id='word_1_34' title='bbox 1494 1518 1625 1582; x_wconf 90' lang='lat' dir='ltr'><strong>illis</strong></span> <span class='ocrx_word' id='word_1_35' title='bbox 1670 1518 1740 1583; x_wconf 86' lang='lat' dir='ltr'><strong>in</strong></span> <span class='ocrx_word' id='word_1_36' title='bbox 1787 1518 1934 1583; x_wconf 88' lang='lat' dir='ltr'><strong>sinu</strong></span> <span class='ocrx_word' id='word_1_37' title='bbox 1982 1522 2096 1582; x_wconf 92' lang='lat' dir='ltr'><strong>tuo</strong></span> <span class='ocrx_word' id='word_1_38' title='bbox 2152 1516 2373 1582; x_wconf 90' lang='lat' dir='ltr'><strong>subito</strong></span> <span class='ocrx_word' id='word_1_39' title='bbox 2419 1519 2610 1582; x_wconf 88' lang='lat' dir='ltr'><strong>natos</strong></span> <span class='ocrx_word' id='word_1_40' title='bbox 2666 1521 2733 1581; x_wconf 90' lang='lat' dir='ltr'><strong>et</strong></span> <span class='ocrx_word' id='word_1_41' title='bbox 2787 1518 2953 1583; x_wconf 86' lang='lat' dir='ltr'><strong>hanc</strong></span> <span class='ocrx_word' id='word_1_42' title='bbox 2997 1518 3328 1583; x_wconf 80' lang='lat' dir='ltr'><strong>audaciam</strong></span> 
     </span>
     <span class='ocr_line' id='line_1_7' title="bbox 656 1623 3329 1711; baseline 0.001 -22"><span class='ocrx_word' id='word_1_43' title='bbox 656 1625 792 1690; x_wconf 84' lang='lat' dir='ltr'><strong>stili</strong></span> <span class='ocrx_word' id='word_1_44' title='bbox 828 1625 1035 1691; x_wconf 90' lang='lat' dir='ltr'><strong>nostri</strong></span> <span class='ocrx_word' id='word_1_45' title='bbox 1073 1625 1445 1710; x_wconf 85' lang='lat' dir='ltr'><strong>frequenter</strong></span> <span class='ocrx_word' id='word_1_46' title='bbox 1481 1625 1849 1711; x_wconf 85' lang='lat' dir='ltr'><strong>expaueris‚</strong></span> <span class='ocrx_word' id='word_1_47' title='bbox 1896 1623 2195 1709; x_wconf 88' lang='lat' dir='ltr'><strong>quotiens</strong></span> <span class='ocrx_word' id='word_1_48' title='bbox 2242 1623 2308 1688; x_wconf 90' lang='lat' dir='ltr'><strong>in</strong></span> <span class='ocrx_word' id='word_1_49' title='bbox 2350 1623 2526 1688; x_wconf 90' lang='lat' dir='ltr'><strong>illius</strong></span> <span class='ocrx_word' id='word_1_50' title='bbox 2563 1624 2898 1690; x_wconf 81' lang='lat' dir='ltr'><strong>facundiae</strong></span> <span class='ocrx_word' id='word_1_51' title='bbox 2943 1629 3093 1690; x_wconf 91' lang='lat' dir='ltr'><strong>tuae</strong></span> <span class='ocrx_word' id='word_1_52' title='bbox 3140 1648 3329 1710; x_wconf 89' lang='lat' dir='ltr'><strong>pene·</strong></span> 
     </span>
     <span class='ocr_line' id='line_1_8' title="bbox 656 1730 3328 1816; baseline -0 -18"><span class='ocrx_word' id='word_1_53' title='bbox 656 1731 806 1798; x_wconf 83' lang='lat' dir='ltr'><strong>trali</strong></span> <span class='ocrx_word' id='word_1_54' title='bbox 870 1732 1173 1797; x_wconf 90' lang='lat' dir='ltr'><strong>seductus</strong></span> <span class='ocrx_word' id='word_1_55' title='bbox 1225 1732 1421 1797; x_wconf 88' lang='lat' dir='ltr'><strong>altius</strong></span> <span class='ocrx_word' id='word_1_56' title='bbox 1475 1731 1728 1796; x_wconf 88' lang='lat' dir='ltr'><strong>litteras</strong></span> <span class='ocrx_word' id='word_1_57' title='bbox 1782 1730 1955 1795; x_wconf 90' lang='lat' dir='ltr'><strong>intro</strong></span> <span class='ocrx_word' id='word_1_58' title='bbox 2012 1734 2078 1794; x_wconf 90' lang='lat' dir='ltr'><strong>et</strong></span> <span class='ocrx_word' id='word_1_59' title='bbox 2132 1731 2200 1795; x_wconf 90' lang='lat' dir='ltr'><strong>in</strong></span> <span class='ocrx_word' id='word_1_60' title='bbox 2257 1730 2466 1816; x_wconf 88' lang='lat' dir='ltr'><strong>omnis</strong></span> <span class='ocrx_word' id='word_1_61' title='bbox 2520 1752 2559 1795; x_wconf 92' lang='lat' dir='ltr'><strong>a</strong></span> <span class='ocrx_word' id='word_1_62' title='bbox 2613 1735 2678 1795; x_wconf 88' lang='lat' dir='ltr'><strong>te</strong></span> <span class='ocrx_word' id='word_1_63' title='bbox 2734 1730 3095 1797; x_wconf 88' lang='lat' dir='ltr'><strong>studiorum</strong></span> <span class='ocrx_word' id='word_1_64' title='bbox 3150 1732 3328 1798; x_wconf 85' lang='lat' dir='ltr'><strong>sinus</strong></span> 
     </span>
     <span class='ocr_line' id='line_1_9' title="bbox 658 1836 3330 1925; baseline 0.001 -22"><span class='ocrx_word' id='word_1_65' title='bbox 658 1839 872 1905; x_wconf 88' lang='lat' dir='ltr'><strong>ducor.</strong></span> <span class='ocrx_word' id='word_1_66' title='bbox 956 1862 1218 1905; x_wconf 88' lang='lat' dir='ltr'><strong>securus</strong></span> <span class='ocrx_word' id='word_1_67' title='bbox 1265 1840 1482 1925; x_wconf 88' lang='lat' dir='ltr'><strong>itaque</strong></span> <span class='ocrx_word' id='word_1_68' title='bbox 1530 1839 1762 1904; x_wconf 89' lang='lat' dir='ltr'><strong>tertius</strong></span> <span class='ocrx_word' id='word_1_69' title='bbox 1807 1838 1915 1903; x_wconf 89' lang='lat' dir='ltr'><strong>hic</strong></span> <span class='ocrx_word' id='word_1_70' title='bbox 1960 1836 2270 1903; x_wconf 84' lang='lat' dir='ltr'><strong>siluarum</strong></span> <span class='ocrx_word' id='word_1_71' title='bbox 2311 1842 2680 1902; x_wconf 88' lang='lat' dir='ltr'><strong>nostrarum</strong></span> <span class='ocrx_word' id='word_1_72' title='bbox 2733 1837 2902 1902; x_wconf 88' lang='lat' dir='ltr'><strong>liber</strong></span> <span class='ocrx_word' id='word_1_73' title='bbox 2947 1840 3027 1904; x_wconf 90' lang='lat' dir='ltr'><strong>ad</strong></span> <span class='ocrx_word' id='word_1_74' title='bbox 3071 1843 3137 1904; x_wconf 88' lang='lat' dir='ltr'><strong>te</strong></span> <span class='ocrx_word' id='word_1_75' title='bbox 3185 1840 3330 1905; x_wconf 84' lang='lat' dir='ltr'><strong>mit-</strong></span> 
     </span>
     <span class='ocr_line' id='line_1_10' title="bbox 660 1944 3330 2035; baseline 0.001 -25"><span class='ocrx_word' id='word_1_76' title='bbox 660 1946 841 2011; x_wconf 88' lang='lat' dir='ltr'><strong>titur.</strong></span> <span class='ocrx_word' id='word_1_77' title='bbox 937 1946 1253 2012; x_wconf 74' lang='lat' dir='ltr'><strong>habuerat</strong></span> <span class='ocrx_word' id='word_1_78' title='bbox 1292 1947 1549 2032; x_wconf 88' lang='lat' dir='ltr'><strong>quidem</strong></span> <span class='ocrx_word' id='word_1_79' title='bbox 1587 1950 1653 2010; x_wconf 92' lang='lat' dir='ltr'><strong>et</strong></span> <span class='ocrx_word' id='word_1_80' title='bbox 1691 1945 2008 2010; x_wconf 88' lang='lat' dir='ltr'><strong>secundus</strong></span> <span class='ocrx_word' id='word_1_81' title='bbox 2046 1952 2101 2011; x_wconf 75' lang='lat' dir='ltr'><strong>te</strong></span> <span class='ocrx_word' id='word_1_82' title='bbox 2137 1949 2396 2030; x_wconf 85' lang='lat' dir='ltr'><strong>testem,</strong></span> <span class='ocrx_word' id='word_1_83' title='bbox 2443 1944 2556 2010; x_wconf 89' lang='lat' dir='ltr'><strong>sed</strong></span> <span class='ocrx_word' id='word_1_84' title='bbox 2601 1944 2708 2010; x_wconf 90' lang='lat' dir='ltr'><strong>hic</strong></span> <span class='ocrx_word' id='word_1_85' title='bbox 2742 1945 2946 2011; x_wconf 86' lang='lat' dir='ltr'><strong>habet</strong></span> <span class='ocrx_word' id='word_1_86' title='bbox 2980 1953 3330 2035; x_wconf 78' lang='lat' dir='ltr'><strong>auctorem,</strong></span> 
     </span>
     <span class='ocr_line' id='line_1_11' title="bbox 652 2051 3328 2139; baseline 0 -21"><span class='ocrx_word' id='word_1_87' title='bbox 652 2076 802 2118; x_wconf 89' lang='lat' dir='ltr'><strong>nam</strong></span> <span class='ocrx_word' id='word_1_88' title='bbox 841 2052 1121 2138; x_wconf 90' lang='lat' dir='ltr'><strong>primum</strong></span> <span class='ocrx_word' id='word_1_89' title='bbox 1160 2052 1360 2118; x_wconf 90' lang='lat' dir='ltr'><strong>limen</strong></span> <span class='ocrx_word' id='word_1_90' title='bbox 1398 2052 1537 2118; x_wconf 90' lang='lat' dir='ltr'><strong>eius</strong></span> <span class='ocrx_word' id='word_1_91' title='bbox 1576 2052 1676 2139; x_wconf 90' lang='lat'><strong>[1]</strong></span> <span class='ocrx_word' id='word_1_92' title='bbox 1717 2052 2028 2119; x_wconf 91' lang='lat' dir='ltr'><strong>Hercules</strong></span> <span class='ocrx_word' id='word_1_93' title='bbox 2064 2051 2481 2117; x_wconf 82' lang='lat' dir='ltr'><strong>Surrentinus</strong></span> <span class='ocrx_word' id='word_1_94' title='bbox 2518 2053 2756 2139; x_wconf 87' lang='lat' dir='ltr'><strong>aperit,</strong></span> <span class='ocrx_word' id='word_1_95' title='bbox 2804 2075 2996 2138; x_wconf 92' lang='lat' dir='ltr'><strong>quem</strong></span> <span class='ocrx_word' id='word_1_96' title='bbox 3032 2053 3101 2118; x_wconf 92' lang='lat' dir='ltr'><strong>in</strong></span> <span class='ocrx_word' id='word_1_97' title='bbox 3137 2053 3328 2119; x_wconf 90' lang='lat' dir='ltr'><strong>litore</strong></span> 
     </span>
     <span class='ocr_line' id='line_1_12' title="bbox 654 2160 3323 2247; baseline 0.001 -23"><span class='ocrx_word' id='word_1_98' title='bbox 654 2164 769 2226; x_wconf 91' lang='lat' dir='ltr'><strong>tuo</strong></span> <span class='ocrx_word' id='word_1_99' title='bbox 817 2164 1255 2226; x_wconf 88' lang='lat' dir='ltr'><strong>consecratum</strong></span> <span class='ocrx_word' id='word_1_100' title='bbox 1302 2160 1524 2225; x_wconf 87' lang='lat' dir='ltr'><strong>statim</strong></span> <span class='ocrx_word' id='word_1_101' title='bbox 1571 2164 1645 2225; x_wconf 84' lang='lat' dir='ltr'><strong>ut</strong></span> <span class='ocrx_word' id='word_1_102' title='bbox 1692 2160 1977 2225; x_wconf 90' lang='lat' dir='ltr'><strong>uideram</strong></span> <span class='ocrx_word' id='word_1_103' title='bbox 2023 2160 2128 2225; x_wconf 89' lang='lat' dir='ltr'><strong>his</strong></span> <span class='ocrx_word' id='word_1_104' title='bbox 2175 2160 2472 2225; x_wconf 88' lang='lat' dir='ltr'><strong>uersibus</strong></span> <span class='ocrx_word' id='word_1_105' title='bbox 2517 2160 2798 2225; x_wconf 86' lang='lat' dir='ltr'><strong>adoraui.</strong></span> <span class='ocrx_word' id='word_1_106' title='bbox 2886 2160 3181 2245; x_wconf 88' lang='lat' dir='ltr'><strong>sequitur</strong></span> <span class='ocrx_word' id='word_1_107' title='bbox 3227 2162 3323 2247; x_wconf 83' lang='lat'><strong>[2]</strong></span> 
     </span>
     <span class='ocr_line' id='line_1_13' title="bbox 651 2267 3328 2355; baseline 0.001 -24"><span class='ocrx_word' id='word_1_108' title='bbox 651 2267 940 2353; x_wconf 87' lang='lat' dir='ltr'><strong>libellus,</strong></span> <span class='ocrx_word' id='word_1_109' title='bbox 979 2291 1108 2353; x_wconf 92' lang='lat' dir='ltr'><strong>quo</strong></span> <span class='ocrx_word' id='word_1_110' title='bbox 1146 2267 1737 2352; x_wconf 89' lang='lat' dir='ltr'><strong>splendidissimum</strong></span> <span class='ocrx_word' id='word_1_111' title='bbox 1776 2272 1841 2332; x_wconf 92' lang='lat' dir='ltr'><strong>et</strong></span> <span class='ocrx_word' id='word_1_112' title='bbox 1878 2267 2039 2332; x_wconf 90' lang='lat' dir='ltr'><strong>mihi</strong></span> <span class='ocrx_word' id='word_1_113' title='bbox 2080 2267 2608 2332; x_wconf 90' lang='lat' dir='ltr'><strong>iucundissimum</strong></span> <span class='ocrx_word' id='word_1_114' title='bbox 2648 2268 2974 2355; x_wconf 87' lang='lat' dir='ltr'><strong>iuuenem,</strong></span> <span class='ocrx_word' id='word_1_115' title='bbox 3009 2267 3328 2334; x_wconf 86' lang='lat' dir='ltr'><strong>Maecium</strong></span> 
     </span>
     <span class='ocr_line' id='line_1_14' title="bbox 657 2373 3329 2461; baseline 0.001 -22"><span class='ocrx_word' id='word_1_116' title='bbox 657 2373 972 2461; x_wconf 87' lang='lat' dir='ltr'><strong>Celerem,</strong></span> <span class='ocrx_word' id='word_1_117' title='bbox 1017 2399 1055 2438; x_wconf 93' lang='lat' dir='ltr'><strong>a</strong></span> <span class='ocrx_word' id='word_1_118' title='bbox 1090 2374 1534 2440; x_wconf 86' lang='lat' dir='ltr'><strong>sacratissimo</strong></span> <span class='ocrx_word' id='word_1_119' title='bbox 1562 2374 1952 2460; x_wconf 81' lang='lat' dir='ltr'><strong>imperatore</strong></span> <span class='ocrx_word' id='word_1_120' title='bbox 1990 2375 2258 2440; x_wconf 88' lang='lat' dir='ltr'><strong>missum</strong></span> <span class='ocrx_word' id='word_1_121' title='bbox 2297 2374 2375 2438; x_wconf 91' lang='lat' dir='ltr'><strong>ad</strong></span> <span class='ocrx_word' id='word_1_122' title='bbox 2413 2374 2736 2461; x_wconf 84' lang='lat' dir='ltr'><strong>legionem</strong></span> <span class='ocrx_word' id='word_1_123' title='bbox 2774 2374 3131 2461; x_wconf 82' lang='lat' dir='ltr'><strong>Syriacam,</strong></span> <span class='ocrx_word' id='word_1_124' title='bbox 3177 2376 3329 2461; x_wconf 87' lang='lat' dir='ltr'><strong>quia</strong></span> 
     </span>
     <span class='ocr_line' id='line_1_15' title="bbox 656 2482 3327 2569; baseline 0.001 -24"><span class='ocrx_word' id='word_1_125' title='bbox 656 2482 839 2567; x_wconf 89' lang='lat' dir='ltr'><strong>sequi</strong></span> <span class='ocrx_word' id='word_1_126' title='bbox 905 2505 1037 2548; x_wconf 90' lang='lat' dir='ltr'><strong>non</strong></span> <span class='ocrx_word' id='word_1_127' title='bbox 1102 2486 1425 2568; x_wconf 87' lang='lat' dir='ltr'><strong>poteram,</strong></span> <span class='ocrx_word' id='word_1_128' title='bbox 1500 2482 1593 2547; x_wconf 90' lang='lat' dir='ltr'><strong>sic</strong></span> <span class='ocrx_word' id='word_1_129' title='bbox 1656 2487 2041 2567; x_wconf 88' lang='lat' dir='ltr'><strong>prosecutus</strong></span> <span class='ocrx_word' id='word_1_130' title='bbox 2105 2504 2264 2547; x_wconf 90' lang='lat' dir='ltr'><strong>sum.</strong></span> <span class='ocrx_word' id='word_1_131' title='bbox 2367 2482 2739 2548; x_wconf 86' lang='lat' dir='ltr'><strong>merebatur</strong></span> <span class='ocrx_word' id='word_1_132' title='bbox 2802 2486 2869 2548; x_wconf 89' lang='lat' dir='ltr'><strong>et</strong></span> <span class='ocrx_word' id='word_1_133' title='bbox 2934 2483 3036 2569; x_wconf 88' lang='lat'><strong>[3]</strong></span> <span class='ocrx_word' id='word_1_134' title='bbox 3103 2482 3327 2549; x_wconf 85' lang='lat' dir='ltr'><strong>Claudi</strong></span> 
     </span>
     <span class='ocr_line' id='line_1_16' title="bbox 651 2588 3330 2678; baseline 0.001 -25"><span class='ocrx_word' id='word_1_135' title='bbox 651 2588 911 2654; x_wconf 85' lang='lat' dir='ltr'><strong>Etrusci</strong></span> <span class='ocrx_word' id='word_1_136' title='bbox 969 2589 1095 2654; x_wconf 91' lang='lat' dir='ltr'><strong>mei</strong></span> <span class='ocrx_word' id='word_1_137' title='bbox 1152 2589 1364 2675; x_wconf 86' lang='lat' dir='ltr'><strong>pietas</strong></span> <span class='ocrx_word' id='word_1_138' title='bbox 1419 2589 1684 2673; x_wconf 91' lang='lat' dir='ltr'><strong>aliquod</strong></span> <span class='ocrx_word' id='word_1_139' title='bbox 1739 2611 1816 2654; x_wconf 85' lang='lat' dir='ltr'><strong>ex</strong></span> <span class='ocrx_word' id='word_1_140' title='bbox 1872 2588 2105 2654; x_wconf 83' lang='lat' dir='ltr'><strong>studiis</strong></span> <span class='ocrx_word' id='word_1_141' title='bbox 2169 2588 2409 2654; x_wconf 89' lang='lat' dir='ltr'><strong>nostris</strong></span> <span class='ocrx_word' id='word_1_142' title='bbox 2465 2588 2802 2673; x_wconf 88' lang='lat' dir='ltr'><strong>solacium,</strong></span> <span class='ocrx_word' id='word_1_143' title='bbox 2865 2613 3010 2655; x_wconf 91' lang='lat' dir='ltr'><strong>cum</strong></span> <span class='ocrx_word' id='word_1_144' title='bbox 3075 2590 3330 2678; x_wconf 88' lang='lat' dir='ltr'><strong>lugeret</strong></span> 
     </span>
     <span class='ocr_line' id='line_1_17' title="bbox 654 2695 3323 2784; baseline 0.001 -24"><span class='ocrx_word' id='word_1_145' title='bbox 654 2695 857 2780; x_wconf 88' lang='lat' dir='ltr'><strong>ueris,</strong></span> <span class='ocrx_word' id='word_1_146' title='bbox 914 2696 1087 2780; x_wconf 91' lang='lat' dir='ltr'><strong>quod</strong></span> <span class='ocrx_word' id='word_1_147' title='bbox 1133 2696 1261 2761; x_wconf 91' lang='lat' dir='ltr'><strong>iam</strong></span> <span class='ocrx_word' id='word_1_148' title='bbox 1308 2695 1701 2761; x_wconf 89' lang='lat' dir='ltr'><strong>rarissimum</strong></span> <span class='ocrx_word' id='word_1_149' title='bbox 1752 2701 1876 2781; x_wconf 91' lang='lat' dir='ltr'><strong>est,</strong></span> <span class='ocrx_word' id='word_1_150' title='bbox 1932 2695 2214 2761; x_wconf 88' lang='lat' dir='ltr'><strong>lacrimis</strong></span> <span class='ocrx_word' id='word_1_151' title='bbox 2268 2717 2486 2761; x_wconf 88' lang='lat' dir='ltr'><strong>senem</strong></span> <span class='ocrx_word' id='word_1_152' title='bbox 2542 2701 2812 2781; x_wconf 86' lang='lat' dir='ltr'><strong>patrem.</strong></span> <span class='ocrx_word' id='word_1_153' title='bbox 2903 2696 3180 2763; x_wconf 86' lang='lat' dir='ltr'><strong>Earinus</strong></span> <span class='ocrx_word' id='word_1_154' title='bbox 3226 2699 3323 2784; x_wconf 89' lang='lat'><strong>[4]</strong></span> 
     </span>
     <span class='ocr_line' id='line_1_18' title="bbox 653 2802 3327 2888; baseline 0.001 -20"><span class='ocrx_word' id='word_1_155' title='bbox 653 2807 1015 2888; x_wconf 87' lang='lat' dir='ltr'><strong>praeterea,</strong></span> <span class='ocrx_word' id='word_1_156' title='bbox 1063 2802 1425 2868; x_wconf 83' lang='lat' dir='ltr'><strong>Germanici</strong></span> <span class='ocrx_word' id='word_1_157' title='bbox 1470 2803 1675 2870; x_wconf 86' lang='lat' dir='ltr'><strong>nostri</strong></span> <span class='ocrx_word' id='word_1_158' title='bbox 1715 2804 2018 2888; x_wconf 84' lang='lat' dir='ltr'><strong>libertus,</strong></span> <span class='ocrx_word' id='word_1_159' title='bbox 2064 2803 2190 2868; x_wconf 90' lang='lat' dir='ltr'><strong>scis</strong></span> <span class='ocrx_word' id='word_1_160' title='bbox 2227 2803 2533 2887; x_wconf 89' lang='lat' dir='ltr'><strong>quamdiu</strong></span> <span class='ocrx_word' id='word_1_161' title='bbox 2580 2804 2965 2869; x_wconf 90' lang='lat' dir='ltr'><strong>desiderium</strong></span> <span class='ocrx_word' id='word_1_162' title='bbox 3013 2805 3152 2871; x_wconf 85' lang='lat' dir='ltr'><strong>eius</strong></span> <span class='ocrx_word' id='word_1_163' title='bbox 3199 2829 3327 2872; x_wconf 92' lang='lat' dir='ltr'><strong>mo-</strong></span> 
     </span>
     <span class='ocr_line' id='line_1_19' title="bbox 654 2901 3327 2998; baseline 0.001 -24"><span class='ocrx_word' id='word_1_164' title='bbox 654 2914 834 2975; x_wconf 90' lang='lat' dir='ltr'><strong>ratus</strong></span> <span class='ocrx_word' id='word_1_165' title='bbox 880 2909 1032 2993; x_wconf 88' lang='lat' dir='ltr'><strong>sim,</strong></span> <span class='ocrx_word' id='word_1_166' title='bbox 1093 2933 1234 2975; x_wconf 89' lang='lat' dir='ltr'><strong>cum</strong></span> <span class='ocrx_word' id='word_1_167' title='bbox 1290 2911 1561 2996; x_wconf 87' lang='lat' dir='ltr'><strong>petisset</strong></span> <span class='ocrx_word' id='word_1_168' title='bbox 1617 2914 1690 2975; x_wconf 86' lang='lat' dir='ltr'><strong>ut</strong></span> <span class='ocrx_word' id='word_1_169' title='bbox 1745 2910 2016 2995; x_wconf 86' lang='lat' dir='ltr'><strong>capillos</strong></span> <span class='ocrx_word' id='word_1_170' title='bbox 2072 2932 2249 2994; x_wconf 78' lang='lat' dir='ltr'><strong>suoS,</strong></span> <span class='ocrx_word' id='word_1_171' title='bbox 2312 2901 2473 2995; x_wconf 83' lang='lat' dir='ltr'><strong>quos</strong></span> <span class='ocrx_word' id='word_1_172' title='bbox 2518 2933 2662 2975; x_wconf 90' lang='lat' dir='ltr'><strong>cum</strong></span> <span class='ocrx_word' id='word_1_173' title='bbox 2717 2915 3043 2998; x_wconf 87' lang='lat' dir='ltr'><strong>gemmata</strong></span> <span class='ocrx_word' id='word_1_174' title='bbox 3088 2913 3327 2997; x_wconf 81' lang='lat' dir='ltr'><strong>pyxide</strong></span> 
     </span>
     <span class='ocr_line' id='line_1_20' title="bbox 655 3015 3326 3105; baseline 0.001 -24"><span class='ocrx_word' id='word_1_175' title='bbox 655 3020 721 3081; x_wconf 91' lang='lat' dir='ltr'><strong>et</strong></span> <span class='ocrx_word' id='word_1_176' title='bbox 774 3017 1041 3101; x_wconf 90' lang='lat' dir='ltr'><strong>speculo</strong></span> <span class='ocrx_word' id='word_1_177' title='bbox 1101 3017 1181 3081; x_wconf 87' lang='lat' dir='ltr'><strong>ad</strong></span> <span class='ocrx_word' id='word_1_178' title='bbox 1234 3018 1709 3105; x_wconf 83' lang='lat' dir='ltr'><strong>Pergamenum</strong></span> <span class='ocrx_word' id='word_1_179' title='bbox 1762 3015 2139 3102; x_wconf 87' lang='lat' dir='ltr'><strong>Asclepium</strong></span> <span class='ocrx_word' id='word_1_180' title='bbox 2200 3017 2532 3100; x_wconf 86' lang='lat' dir='ltr'><strong>mittebat,</strong></span> <span class='ocrx_word' id='word_1_181' title='bbox 2596 3018 2895 3085; x_wconf 85' lang='lat' dir='ltr'><strong>uersibus</strong></span> <span class='ocrx_word' id='word_1_182' title='bbox 2951 3020 3326 3085; x_wconf 87' lang='lat' dir='ltr'><strong>dedicarem.</strong></span> 
     </span>
    </p>
   </div>
   <div class='ocr_carea' id='block_1_6' title="bbox 3404 1540 3436 1586">
    <p class='ocr_par' dir='ltr' id='par_1_6' title="bbox 3404 1540 3436 1586">
     <span class='ocr_line' id='line_1_21' title="bbox 3404 1540 3436 1586; baseline 0 0"><span class='ocrx_word' id='word_1_183' title='bbox 3404 1540 3436 1586; x_wconf 79' lang='lat'><strong>6</strong></span> 
     </span>
    </p>
   </div>
   <div class='ocr_carea' id='block_1_7' title="bbox 3369 2076 3436 2124">
    <p class='ocr_par' dir='ltr' id='par_1_7' title="bbox 3369 2076 3436 2124">
     <span class='ocr_line' id='line_1_22' title="bbox 3369 2076 3436 2124; baseline -0.015 0"><span class='ocrx_word' id='word_1_184' title='bbox 3369 2076 3436 2124; x_wconf 91' lang='grc'><strong>10</strong></span> 
     </span>
    </p>
   </div>
   <div class='ocr_carea' id='block_1_8' title="bbox 3369 2612 3434 2659">
    <p class='ocr_par' dir='ltr' id='par_1_8' title="bbox 3369 2612 3434 2659">
     <span class='ocr_line' id='line_1_23' title="bbox 3369 2612 3434 2659; baseline -0.015 0"><span class='ocrx_word' id='word_1_185' title='bbox 3369 2612 3434 2659; x_wconf 81' lang='lat'><strong>15</strong></span> 
     </span>
    </p>
   </div>
   <div class='ocr_carea' id='block_1_9' title="bbox 655 3123 3434 3212">
    <p class='ocr_par' dir='ltr' id='par_1_9' title="bbox 655 3123 3434 3212">
     <span class='ocr_line' id='line_1_24' title="bbox 655 3123 3434 3212; baseline 0.002 -23"><span class='ocrx_word' id='word_1_186' title='bbox 655 3145 906 3189; x_wconf 87' lang='lat' dir='ltr'><strong>summa</strong></span> <span class='ocrx_word' id='word_1_187' title='bbox 952 3127 1052 3188; x_wconf 90' lang='lat' dir='ltr'><strong>est</strong></span> <span class='ocrx_word' id='word_1_188' title='bbox 1098 3123 1194 3209; x_wconf 88' lang='lat'><strong>[5]</strong></span> <span class='ocrx_word' id='word_1_189' title='bbox 1246 3124 1497 3212; x_wconf 87' lang='lat' dir='ltr'><strong>ecloga,</strong></span> <span class='ocrx_word' id='word_1_190' title='bbox 1543 3147 1671 3210; x_wconf 90' lang='lat' dir='ltr'><strong>qua</strong></span> <span class='ocrx_word' id='word_1_191' title='bbox 1717 3146 1969 3189; x_wconf 89' lang='lat' dir='ltr'><strong>mecum</strong></span> <span class='ocrx_word' id='word_1_192' title='bbox 2016 3125 2309 3190; x_wconf 89' lang='lat' dir='ltr'><strong>secedere</strong></span> <span class='ocrx_word' id='word_1_193' title='bbox 2357 3124 2703 3209; x_wconf 86' lang='lat' dir='ltr'><strong>Neapolim</strong></span> <span class='ocrx_word' id='word_1_194' title='bbox 2742 3123 3071 3190; x_wconf 89' lang='lat' dir='ltr'><strong>Claudiam</strong></span> <span class='ocrx_word' id='word_1_195' title='bbox 3119 3149 3325 3192; x_wconf 87' lang='lat' dir='ltr'><strong>meam</strong></span> <span class='ocrx_word' id='word_1_196' title='bbox 3365 3145 3434 3194; x_wconf 77' lang='lat'><strong>20</strong></span> 
     </span>
    </p>
   </div>
   <div class='ocr_carea' id='block_1_10' title="bbox 653 3231 3328 3637">
    <p class='ocr_par' dir='ltr' id='par_1_10' title="bbox 653 3231 3328 3637">
     <span class='ocr_line' id='line_1_25' title="bbox 654 3231 3327 3316; baseline 0.001 -20"><span class='ocrx_word' id='word_1_197' title='bbox 654 3231 976 3296; x_wconf 87' lang='lat' dir='ltr'><strong>exhortor.</strong></span> <span class='ocrx_word' id='word_1_198' title='bbox 1065 3231 1196 3315; x_wconf 87' lang='lat' dir='ltr'><strong>hic,</strong></span> <span class='ocrx_word' id='word_1_199' title='bbox 1242 3231 1297 3296; x_wconf 91' lang='lat' dir='ltr'><strong>si</strong></span> <span class='ocrx_word' id='word_1_200' title='bbox 1345 3254 1569 3297; x_wconf 89' lang='lat' dir='ltr'><strong>uerum</strong></span> <span class='ocrx_word' id='word_1_201' title='bbox 1615 3231 1914 3315; x_wconf 79' lang='lat' dir='ltr'><strong>dicimus,</strong></span> <span class='ocrx_word' id='word_1_202' title='bbox 1960 3254 2171 3297; x_wconf 90' lang='lat' dir='ltr'><strong>sermo</strong></span> <span class='ocrx_word' id='word_1_203' title='bbox 2210 3235 2310 3297; x_wconf 89' lang='lat' dir='ltr'><strong>est</strong></span> <span class='ocrx_word' id='word_1_204' title='bbox 2347 3237 2412 3297; x_wconf 90' lang='lat' dir='ltr'><strong>et</strong></span> <span class='ocrx_word' id='word_1_205' title='bbox 2459 3231 2720 3316; x_wconf 91' lang='lat' dir='ltr'><strong>quidem</strong></span> <span class='ocrx_word' id='word_1_206' title='bbox 2765 3255 3027 3298; x_wconf 90' lang='lat' dir='ltr'><strong>securus</strong></span> <span class='ocrx_word' id='word_1_207' title='bbox 3071 3238 3146 3299; x_wconf 87' lang='lat' dir='ltr'><strong>ut</strong></span> <span class='ocrx_word' id='word_1_208' title='bbox 3181 3257 3327 3300; x_wconf 89' lang='lat' dir='ltr'><strong>cum</strong></span> 
     </span>
     <span class='ocr_line' id='line_1_26' title="bbox 655 3338 3325 3424; baseline 0 -20"><span class='ocrx_word' id='word_1_209' title='bbox 655 3360 856 3404; x_wconf 87' lang='lat' dir='ltr'><strong>uxore</strong></span> <span class='ocrx_word' id='word_1_210' title='bbox 911 3342 977 3402; x_wconf 89' lang='lat' dir='ltr'><strong>et</strong></span> <span class='ocrx_word' id='word_1_211' title='bbox 1033 3338 1145 3424; x_wconf 92' lang='lat' dir='ltr'><strong>qui</strong></span> <span class='ocrx_word' id='word_1_212' title='bbox 1200 3339 1584 3422; x_wconf 87' lang='lat' dir='ltr'><strong>persuadere</strong></span> <span class='ocrx_word' id='word_1_213' title='bbox 1639 3339 1824 3403; x_wconf 89' lang='lat' dir='ltr'><strong>malit</strong></span> <span class='ocrx_word' id='word_1_214' title='bbox 1882 3361 2075 3424; x_wconf 91' lang='lat' dir='ltr'><strong>quam</strong></span> <span class='ocrx_word' id='word_1_215' title='bbox 2130 3339 2401 3423; x_wconf 89' lang='lat' dir='ltr'><strong>placere.</strong></span> <span class='ocrx_word' id='word_1_216' title='bbox 2491 3339 2644 3404; x_wconf 92' lang='lat' dir='ltr'><strong>huic</strong></span> <span class='ocrx_word' id='word_1_217' title='bbox 2700 3340 3046 3424; x_wconf 88' lang='lat' dir='ltr'><strong>praecipue</strong></span> <span class='ocrx_word' id='word_1_218' title='bbox 3100 3339 3325 3407; x_wconf 88' lang='lat' dir='ltr'><strong>libello</strong></span> 
     </span>
     <span class='ocr_line' id='line_1_27' title="bbox 654 3444 3328 3532; baseline 0.001 -21"><span class='ocrx_word' id='word_1_219' title='bbox 654 3446 935 3532; x_wconf 78' lang='lat' dir='ltr'><strong>fauebiS,</strong></span> <span class='ocrx_word' id='word_1_220' title='bbox 999 3468 1146 3511; x_wconf 91' lang='lat' dir='ltr'><strong>cum</strong></span> <span class='ocrx_word' id='word_1_221' title='bbox 1200 3445 1367 3510; x_wconf 88' lang='lat' dir='ltr'><strong>scias</strong></span> <span class='ocrx_word' id='word_1_222' title='bbox 1421 3445 1589 3510; x_wconf 88' lang='lat' dir='ltr'><strong>hanc</strong></span> <span class='ocrx_word' id='word_1_223' title='bbox 1641 3444 2140 3510; x_wconf 84' lang='lat' dir='ltr'><strong>destinationem</strong></span> <span class='ocrx_word' id='word_1_224' title='bbox 2195 3444 2432 3530; x_wconf 89' lang='lat' dir='ltr'><strong>quietis</strong></span> <span class='ocrx_word' id='word_1_225' title='bbox 2487 3468 2664 3510; x_wconf 89' lang='lat' dir='ltr'><strong>meae</strong></span> <span class='ocrx_word' id='word_1_226' title='bbox 2720 3446 2844 3511; x_wconf 85' lang='lat' dir='ltr'><strong>tibi</strong></span> <span class='ocrx_word' id='word_1_227' title='bbox 2900 3447 3179 3513; x_wconf 86' lang='lat' dir='ltr'><strong>maxime</strong></span> <span class='ocrx_word' id='word_1_228' title='bbox 3232 3448 3328 3513; x_wconf 87' lang='lat' dir='ltr'><strong>in.-</strong></span> 
     </span>
     <span class='ocr_line' id='line_1_28' title="bbox 653 3551 3075 3637; baseline 0.001 -19"><span class='ocrx_word' id='word_1_229' title='bbox 653 3553 918 3619; x_wconf 89' lang='lat' dir='ltr'><strong>tendere</strong></span> <span class='ocrx_word' id='word_1_230' title='bbox 962 3575 1193 3637; x_wconf 89' lang='lat' dir='ltr'><strong>meque</strong></span> <span class='ocrx_word' id='word_1_231' title='bbox 1239 3575 1372 3617; x_wconf 90' lang='lat' dir='ltr'><strong>non</strong></span> <span class='ocrx_word' id='word_1_232' title='bbox 1418 3556 1552 3617; x_wconf 84' lang='lat' dir='ltr'><strong>tam</strong></span> <span class='ocrx_word' id='word_1_233' title='bbox 1598 3552 1667 3617; x_wconf 90' lang='lat' dir='ltr'><strong>in</strong></span> <span class='ocrx_word' id='word_1_234' title='bbox 1713 3551 1992 3636; x_wconf 87' lang='lat' dir='ltr'><strong>patriam</strong></span> <span class='ocrx_word' id='word_1_235' title='bbox 2041 3574 2233 3636; x_wconf 90' lang='lat' dir='ltr'><strong>quam</strong></span> <span class='ocrx_word' id='word_1_236' title='bbox 2280 3552 2360 3616; x_wconf 86' lang='lat' dir='ltr'><strong>ad</strong></span> <span class='ocrx_word' id='word_1_237' title='bbox 2407 3555 2473 3617; x_wconf 84' lang='lat' dir='ltr'><strong>te</strong></span> <span class='ocrx_word' id='word_1_238' title='bbox 2518 3553 2831 3619; x_wconf 86' lang='lat' dir='ltr'><strong>secedere.</strong></span> <span class='ocrx_word' id='word_1_239' title='bbox 2914 3554 3075 3620; x_wconf 87' lang='lat' dir='ltr'><strong>uale.</strong></span> 
     </span>
    </p>
   </div>
   <div class='ocr_carea' id='block_1_11' title="bbox 659 3700 826 3707">
    <p class='ocr_par' dir='ltr' id='par_1_11' title="bbox 659 3700 826 3707">
     <span class='ocr_line' id='line_1_29' title="bbox 659 3700 826 3707; baseline 0.006 -1"><span class='ocrx_word' id='word_1_240' title='bbox 659 3701 696 3706; x_wconf 74' lang='lat'><em>—</em></span> <span class='ocrx_word' id='word_1_241' title='bbox 745 3700 826 3707; x_wconf 80' lang='lat'>-—-—</span> 
     </span>
    </p>
   </div>
   <div class='ocr_carea' id='block_1_12' title="bbox 834 3699 1084 3709">
    <p class='ocr_par' dir='ltr' id='par_1_12' title="bbox 834 3699 1084 3709">
     <span class='ocr_line' id='line_1_30' title="bbox 834 3699 1084 3709; baseline 0 1858"><span class='ocrx_word' id='word_1_242' title='bbox 834 3699 1084 3709; x_wconf 95' lang='lat' dir='ltr'><strong> </strong></span> 
     </span>
    </p>
   </div>
   <div class='ocr_carea' id='block_1_13' title="bbox 836 3780 3326 3853">
    <p class='ocr_par' dir='ltr' id='par_1_13' title="bbox 836 3780 3326 3853">
     <span class='ocr_line' id='line_1_31' title="bbox 836 3780 3326 3853; baseline 0.001 -16"><span class='ocrx_word' id='word_1_243' title='bbox 836 3788 869 3837; x_wconf 83' lang='grc'>6</span> <span class='ocrx_word' id='word_1_244' title='bbox 917 3783 1238 3852; x_wconf 80' lang='lat' dir='ltr'><strong>frequenter</strong></span> <span class='ocrx_word' id='word_1_245' title='bbox 1284 3798 1552 3852; x_wconf 85' lang='lat' dir='ltr'><strong>exposcas</strong></span> <span class='ocrx_word' id='word_1_246' title='bbox 1590 3782 1927 3853; x_wconf 73' lang='lat' dir='ltr'><strong>Maduiyius</strong></span> <span class='ocrx_word' id='word_1_247' title='bbox 1972 3813 2042 3822; x_wconf 91' lang='lat'><strong>—</strong></span> <span class='ocrx_word' id='word_1_248' title='bbox 2094 3780 2412 3853; x_wconf 87' lang='lat' dir='ltr'><strong>penetralia</strong></span> <span class='ocrx_word' id='word_1_249' title='bbox 2457 3784 2536 3838; x_wconf 84' lang='lat' dir='ltr'><strong>ed.</strong></span> <span class='ocrx_word' id='word_1_250' title='bbox 2576 3783 2764 3839; x_wconf 76' lang='lat' dir='ltr'><strong>Parm.</strong></span> <span class='ocrx_word' id='word_1_251' title='bbox 2814 3815 2881 3824; x_wconf 92' lang='lat'>—</span> <span class='ocrx_word' id='word_1_252' title='bbox 2931 3788 2962 3837; x_wconf 84' lang='grc'><strong>9</strong></span> <span class='ocrx_word' id='word_1_253' title='bbox 3009 3787 3067 3838; x_wconf 86' lang='lat' dir='ltr'><strong>te</strong></span> <span class='ocrx_word' id='word_1_254' title='bbox 3105 3785 3326 3841; x_wconf 75' lang='lat' dir='ltr'><strong>addidit</strong></span> 
     </span>
    </p>
   </div>
   <div class='ocr_carea' id='block_1_14' title="bbox 657 3871 3324 4196">
    <p class='ocr_par' dir='ltr' id='par_1_14' title="bbox 657 3871 3324 4196">
     <span class='ocr_line' id='line_1_32' title="bbox 658 3871 3321 3941; baseline 0.001 -13"><span class='ocrx_word' id='word_1_255' title='bbox 658 3873 1030 3928; x_wconf 73' lang='lat' dir='ltr'><strong>Baehrensius</strong></span> <span class='ocrx_word' id='word_1_256' title='bbox 1067 3905 1133 3913; x_wconf 96' lang='lat'>—</span> <span class='ocrx_word' id='word_1_257' title='bbox 1184 3878 1251 3926; x_wconf 77' lang='lat'><strong>12</strong></span> <span class='ocrx_word' id='word_1_258' title='bbox 1287 3872 1529 3926; x_wconf 88' lang='lat' dir='ltr'><strong>mecium</strong></span> <span class='ocrx_word' id='word_1_259' title='bbox 1566 3873 1739 3941; x_wconf 65' lang='lat' dir='ltr'><strong>codd„</strong></span> <span class='ocrx_word' id='word_1_260' title='bbox 1776 3874 1942 3928; x_wconf 79' lang='lat' dir='ltr'><strong>etiam</strong></span> <span class='ocrx_word' id='word_1_261' title='bbox 1979 3872 2054 3925; x_wconf 82' lang='grc' dir='ltr'><strong>Δ*</strong></span> <span class='ocrx_word' id='word_1_262' title='bbox 2115 3904 2176 3911; x_wconf 89' lang='grc'><strong>-</strong></span> <span class='ocrx_word' id='word_1_263' title='bbox 2238 3876 2304 3926; x_wconf 87' lang='grc'><strong>16</strong></span> <span class='ocrx_word' id='word_1_264' title='bbox 2350 3871 2502 3941; x_wconf 90' lang='lat' dir='ltr'><strong>quod</strong></span> <span class='ocrx_word' id='word_1_265' title='bbox 2541 3872 2957 3928; x_wconf 84' lang='lat' dir='ltr'><strong>amarissimum</strong></span> <span class='ocrx_word' id='word_1_266' title='bbox 3010 3876 3121 3941; x_wconf 77' lang='lat' dir='ltr'><strong>est3</strong></span> <span class='ocrx_word' id='word_1_267' title='bbox 3187 3891 3321 3930; x_wconf 67' lang='lat' dir='ltr'><strong>corr.</strong></span> 
     </span>
     <span class='ocr_line' id='line_1_33' title="bbox 658 3959 3324 4030; baseline -0 -13"><span class='ocrx_word' id='word_1_268' title='bbox 658 3963 934 4017; x_wconf 68' lang='lat' dir='ltr'><strong>Bao-thius</strong></span> <span class='ocrx_word' id='word_1_269' title='bbox 981 3961 1350 4030; x_wconf 82' lang='lat' dir='ltr'><strong>(rarissimum</strong></span> <span class='ocrx_word' id='word_1_270' title='bbox 1388 3964 1448 4029; x_wconf 87' lang='grc' dir='ltr'><strong>ς)</strong></span> <span class='ocrx_word' id='word_1_271' title='bbox 1505 3993 1571 4001; x_wconf 89' lang='grc'>-</span> <span class='ocrx_word' id='word_1_272' title='bbox 1627 3959 1864 4027; x_wconf 87' lang='lat' dir='ltr'><strong>ierinus;</strong></span> <span class='ocrx_word' id='word_1_273' title='bbox 1922 3978 2058 4017; x_wconf 76' lang='lat' dir='ltr'><strong>corr.</strong></span> <span class='ocrx_word' id='word_1_274' title='bbox 2092 3978 2119 4013; x_wconf 87' lang='grc' dir='ltr'><strong>ο</strong></span> <span class='ocrx_word' id='word_1_275' title='bbox 2178 3995 2237 4001; x_wconf 91' lang='grc'>-</span> <span class='ocrx_word' id='word_1_276' title='bbox 2302 3967 2364 4015; x_wconf 80' lang='grc'><strong>17</strong></span> <span class='ocrx_word' id='word_1_277' title='bbox 2414 3960 2734 4017; x_wconf 81' lang='lat' dir='ltr'><strong>Germanici</strong></span> <span class='ocrx_word' id='word_1_278' title='bbox 2799 3961 2891 4016; x_wconf 89' lang='lat' dir='ltr'><strong>dei</strong></span> <span class='ocrx_word' id='word_1_279' title='bbox 2947 3962 3125 4017; x_wconf 81' lang='lat' dir='ltr'><strong>nostri</strong></span> <span class='ocrx_word' id='word_1_280' title='bbox 3164 3981 3192 4016; x_wconf 82' lang='grc' dir='ltr'><strong>ο</strong></span> <span class='ocrx_word' id='word_1_281' title='bbox 3258 3995 3324 4004; x_wconf 90' lang='grc'>-</span> 
     </span>
     <span class='ocr_line' id='line_1_34' title="bbox 658 4050 3323 4121; baseline 0.001 -15"><span class='ocrx_word' id='word_1_282' title='bbox 658 4050 792 4119; x_wconf 86' lang='lat' dir='ltr'><strong>scit;</strong></span> <span class='ocrx_word' id='word_1_283' title='bbox 848 4068 985 4106; x_wconf 76' lang='lat' dir='ltr'><strong>corr.</strong></span> <span class='ocrx_word' id='word_1_284' title='bbox 1036 4051 1271 4106; x_wconf 79' lang='lat' dir='ltr'><strong>Vollmer</strong></span> <span class='ocrx_word' id='word_1_285' title='bbox 1337 4082 1401 4091; x_wconf 88' lang='lat'><em>-</em></span> <span class='ocrx_word' id='word_1_286' title='bbox 1471 4055 1537 4104; x_wconf 89' lang='lat'><strong>18</strong></span> <span class='ocrx_word' id='word_1_287' title='bbox 1593 4066 1974 4120; x_wconf 87' lang='lat' dir='ltr'><strong>quoscumque</strong></span> <span class='ocrx_word' id='word_1_288' title='bbox 2020 4053 2309 4121; x_wconf 84' lang='lat' dir='ltr'><strong>gemmata</strong></span> <span class='ocrx_word' id='word_1_289' title='bbox 2343 4051 2424 4103; x_wconf 76' lang='lat'><strong>1¹</strong></span> <span class='ocrx_word' id='word_1_290' title='bbox 2490 4082 2550 4092; x_wconf 91' lang='lat'><strong>--</strong></span> <span class='ocrx_word' id='word_1_291' title='bbox 2623 4060 2683 4105; x_wconf 78' lang='lat'><strong>21</strong></span> <span class='ocrx_word' id='word_1_292' title='bbox 2731 4055 2818 4106; x_wconf 88' lang='lat' dir='ltr'><strong>est</strong></span> <span class='ocrx_word' id='word_1_293' title='bbox 2854 4051 3140 4121; x_wconf 80' lang='lat' dir='ltr'><strong>equidem3</strong></span> <span class='ocrx_word' id='word_1_294' title='bbox 3187 4070 3323 4108; x_wconf 79' lang='lat' dir='ltr'><strong>corr.</strong></span> 
     </span>
     <span class='ocr_line' id='line_1_35' title="bbox 657 4140 1136 4196; baseline 0 -1"><span class='ocrx_word' id='word_1_295' title='bbox 657 4140 1032 4196; x_wconf 61' lang='lat' dir='ltr'><strong>Mar-lelandus</strong></span> <span class='ocrx_word' id='word_1_296' title='bbox 1075 4173 1136 4179; x_wconf 96' lang='lat'>—</span> 
     </span>
    </p>
   </div>
   <div class='ocr_carea' id='block_1_15' title="bbox 765 4271 1086 4278">
    <p class='ocr_par' dir='ltr' id='par_1_15' title="bbox 765 4271 1086 4278">
     <span class='ocr_line' id='line_1_36' title="bbox 765 4271 1086 4278; baseline 0 1289"><span class='ocrx_word' id='word_1_297' title='bbox 765 4271 1086 4278; x_wconf 95' lang='lat' dir='ltr'><strong> </strong></span> 
     </span>
    </p>
   </div>
   <div class='ocr_carea' id='block_1_16' title="bbox 660 4354 3328 4516">
    <p class='ocr_par' dir='ltr' id='par_1_16' title="bbox 660 4354 3328 4516">
     <span class='ocr_line' id='line_1_37' title="bbox 841 4354 3328 4428; baseline 0.002 -20"><span class='ocrx_word' id='word_1_298' title='bbox 841 4361 873 4408; x_wconf 83' lang='lat'>9</span> <span class='ocrx_word' id='word_1_299' title='bbox 920 4354 1100 4410; x_wconf 82' lang='lat' dir='ltr'><strong>Praef.</strong></span> <span class='ocrx_word' id='word_1_300' title='bbox 1139 4355 1165 4408; x_wconf 95' lang='lat'>1</span> <span class='ocrx_word' id='word_1_301' title='bbox 1202 4361 1262 4408; x_wconf 83' lang='lat'><strong>14</strong></span> <span class='ocrx_word' id='word_1_302' title='bbox 1318 4357 1737 4411; x_wconf 85' lang='lat' dir='ltr'><strong>sacrosanctum</strong></span> <span class='ocrx_word' id='word_1_303' title='bbox 1784 4355 1961 4411; x_wconf 86' lang='lat' dir='ltr'><strong>habet</strong></span> <span class='ocrx_word' id='word_1_304' title='bbox 1995 4358 2201 4411; x_wconf 71' lang='lat' dir='ltr'><strong>testem</strong></span> <span class='ocrx_word' id='word_1_305' title='bbox 2249 4388 2315 4397; x_wconf 95' lang='lat'>—</span> <span class='ocrx_word' id='word_1_306' title='bbox 2368 4362 2432 4410; x_wconf 79' lang='lat'><strong>16</strong></span> <span class='ocrx_word' id='word_1_307' title='bbox 2469 4355 2719 4412; x_wconf 86' lang='lat' dir='ltr'><strong>quenal.</strong></span> <span class='ocrx_word' id='word_1_308' title='bbox 2761 4355 2892 4411; x_wconf 88' lang='lat' dir='ltr'>XIII</span> <span class='ocrx_word' id='word_1_309' title='bbox 2922 4361 3027 4410; x_wconf 76' lang='lat'><strong>134</strong></span> <span class='ocrx_word' id='word_1_310' title='bbox 3073 4356 3328 4428; x_wconf 83' lang='lat' dir='ltr'><strong>ploratur</strong></span> 
     </span>
     <span class='ocr_line' id='line_1_38' title="bbox 660 4443 1729 4516; baseline 0 -17"><span class='ocrx_word' id='word_1_311' title='bbox 660 4443 911 4499; x_wconf 83' lang='lat' dir='ltr'><strong>lacrimis</strong></span> <span class='ocrx_word' id='word_1_312' title='bbox 950 4445 1161 4500; x_wconf 84' lang='lat' dir='ltr'><strong>amissa</strong></span> <span class='ocrx_word' id='word_1_313' title='bbox 1196 4443 1439 4516; x_wconf 86' lang='lat' dir='ltr'><strong>pecunia</strong></span> <span class='ocrx_word' id='word_1_314' title='bbox 1475 4444 1625 4500; x_wconf 90' lang='lat' dir='ltr'><strong>ueris</strong></span> <span class='ocrx_word' id='word_1_315' title='bbox 1663 4477 1729 4485; x_wconf 90' lang='lat'>—</span> 
     </span>
    </p>
   </div>
  </div>
 </body>
</html>
