3775 5567
765 441 952 497 SILVARVM
969 442 1008 497 tv
1027 448 1043 497 6

447 606 559 669 nectar
581 602 686 669 adhuc
707 607 803 670 torua
824 605 929 671 laetus
951 604 1074 671 Iunone
1097 605 1248 691 bibebat,

448 709 495 774 sic
517 709 608 777 mitis
630 710 756 797 uultus,
779 711 881 778 ueluti
904 713 945 777 de
968 717 1097 798 pectore
1120 714 1276 801 gaudens,

447 816 598 883 hortatur
618 840 754 885 mensas.
798 823 890 885 tenet
911 820 991 885 haec
1013 819 1188 885 marcentia
1211 820 1321 887 fratris

447 925 579 1013 pocula,
597 930 631 990 at
648 926 728 993 haec
745 927 856 993 clauae
874 926 1023 993 meminit
1041 949 1167 1013 manus3
1186 950 1300 1014 aspera
1317 928 1402 995 sedis

447 1031 586 1097 sustinet
609 1038 643 1098 et
665 1033 789 1099 cultum
810 1032 972 1100 Nemeaeo
997 1032 1140 1121 tegmine
1163 1055 1285 1099 saxum.

538 1139 637 1227 digna
660 1141 751 1225 operi
774 1141 906 1206 fortuna
927 1163 1027 1207 sacro.
1071 1140 1221 1207 Pellaeus
1242 1142 1387 1208 habebat

447 1251 601 1333 regnator
622 1247 718 1314 laetis
740 1270 860 1314 numen
882 1247 1067 1315 uenerabile
1090 1248 1211 1314 mensis

447 1358 481 1419 et
503 1355 655 1421 comitem
678 1378 809 1422 occasus
831 1378 941 1423 secum
963 1356 1118 1441 portabat
1141 1360 1175 1421 et
1197 1362 1288 1425 ortus

448 1463 699 1548 praestabatque
721 1462 828 1529 libens
850 1463 946 1529 modo
971 1485 1034 1549 qua
1057 1462 1237 1529 diademata
1260 1463 1373 1531 dextra

445 1568 626 1635 abstrderat
647 1570 843 1655 dederatque
866 1575 900 1636 et
922 1592 1057 1658 magnas
1079 1574 1223 1637 uerterat
1244 1572 1350 1638 nrbes.

447 1698 576 1762 semper
598 1676 639 1742 ad
661 1678 724 1743 hoc
746 1678 871 1744 animos
894 1678 928 1743 in
952 1677 1092 1745 crastina
1114 1677 1201 1744 bella
1223 1675 1372 1765 petebat,

446 1783 522 1849 huic
544 1784 629 1850 acies
652 1807 781 1870 semper
803 1785 910 1851 uictor
931 1785 1085 1851 narrabat
1108 1784 1247 1871 opimas,

447 1891 516 1956 siue
540 1896 705 1958 catenatos
727 1892 859 1959 Bromio
883 1892 1065 1959 detraxerat
1088 1891 1186 1959 ludos

447 2020 505 2064 seu
527 1999 650 2065 elusam
673 2022 791 2087 magna
813 2000 982 2086 Babylona
1004 2001 1181 2088 refregerat
1203 2000 1296 2067 hasta

445 2128 503 2171 seu
525 2107 658 2192 Pelopis
681 2112 784 2173 terras
806 2108 1058 2194 libertatemque
1081 2107 1250 2195 Pelasgam

444 2213 598 2281 obruerat
619 2214 720 2300 bello,
744 2237 926 2303 magnoque
950 2238 990 2283 ex
1013 2215 1143 2303 agmine
1165 2214 1298 2280 laudum

445 2320 548 2387 fertur
569 2321 742 2388 Thebanos
765 2326 893 2389 tantum
915 2344 1084 2389 excusasse
1107 2321 1297 2408 triumphos

444 2428 500 2493 ille
521 2428 634 2514 etiam,
656 2452 792 2517 magnos
814 2429 906 2496 Fatis
927 2429 1156 2515 rumpentibus
1178 2433 1270 2495 actus

443 2557 517 2601 cum
540 2536 683 2603 traheret
705 2537 801 2602 letale
825 2560 962 2619 merum,
984 2538 1049 2603 iam
1072 2536 1188 2603 mortis
1211 2558 1312 2621 opaca

442 2643 529 2709 nube
552 2644 663 2731 grauis
685 2644 797 2710 uultus
819 2644 901 2711 alios
923 2643 958 2710 in
980 2644 1112 2711 numine
1135 2666 1208 2710 caro

443 2772 581 2835 aeraque
603 2752 764 2837 supremis
786 2751 898 2818 timuit
920 2751 1070 2818 sudantia
1092 2751 1219 2818 mensis.

443 2880 520 2923 mox
542 2857 776 2926 Nasamoniaco
800 2859 897 2925 decus
918 2859 1109 2925 admirabile
1131 2859 1202 2946 regi

445 2987 632 3049 possessum
654 2966 797 3052 fortique
820 2965 879 3032 deo
902 2966 1021 3032 libauit
1040 2966 1182 3033 'honores

443 3094 572 3159 semper
594 3078 688 3140 atrox
711 3072 825 3139 dextra
847 3074 1043 3159 periuroque
1066 3096 1142 3139 ense
1164 3073 1326 3159 superbus

448 3179 622 3246 Hannibal.
667 3179 799 3262 Italicae
822 3182 991 3265 perfusum
1013 3180 1169 3268 sangnine
1192 3181 1299 3267 gentis

444 3286 577 3373 diraque
600 3287 767 3353 Romuleis
789 3291 975 3372 portantem
999 3286 1146 3353 incendia
1167 3288 1262 3353 tectis

444 3394 569 3480 oderat,
592 3399 625 3460 et
648 3417 721 3461 cum
744 3396 857 3480 epulas
880 3399 1009 3460 etcum
1031 3394 1158 3461 Lenaea
1181 3394 1300 3461 dicaret

444 3500 540 3587 dona,
563 3502 642 3567 deus
665 3502 778 3568 castris
801 3524 946 3569 maerens
970 3523 1077 3568 comes
1100 3502 1146 3568 ire
1169 3503 1329 3590 nefandis,

444 3609 618 3694 praecipue
641 3631 714 3675 cum
736 3608 893 3697 sacrilega
915 3609 984 3674 face
1008 3608 1138 3675 miscuit
1160 3632 1249 3675 arces

318 3808 353 3857 55
380 3801 462 3856 uultu
486 3804 620 3860 Hoadias
646 3803 757 3859 nultum
774 3804 963 3859 Buebrrasins
989 3835 1023 3845 -
1051 3808 1084 3857 57
1113 3805 1145 3857 at
1167 3804 1219 3879 hqc
1242 3803 1323 3859 leuas
1346 3823 1383 3861 m.
1401 3824 1437 3861 m.
1463 3822 1563 3877 aspera

229 3891 318 3962 sedia;
349 3908 419 3948 corr.
434 3892 623 3949 Morttmrdas
637 3900 662 3949 et
675 3900 745 3951 recte
757 3893 895 3949 distinxit.
931 3891 1025 3947 adhuc
1044 3908 1146 3948 saeuae
1164 3911 1255 3949 mm.
1276 3893 1561 3949 alteraoaediso-

230 3986 264 4034 62
286 3980 495 4051 prensabatque
514 4000 528 4035 ο
551 4014 585 4023 —
609 3988 644 4036 64
667 3999 777 4053 semper
799 3982 836 4038 ab
859 3982 913 4037 hoc
934 3998 1004 4037 corr.
1027 4000 1100 4039 nean.
1120 3988 1136 4037 1
1160 3984 1192 4039 in
1212 3982 1250 4037 ad
1268 3988 1295 4035 lt
1313 3983 1350 4038 ad
1369 3984 1422 4038 hoc
1440 3988 1563 4037 runa

228 4088 286 4125 aaa
306 4088 375 4127 corr.
400 4070 436 4125 ab
459 4071 546 4125 hoca
569 4103 603 4112 -
628 4078 662 4126 65
685 4070 746 4127 acie
764 4076 842 4125 m
865 4070 940 4126 acies
960 4076 1009 4124 GR
1031 4071 1104 4127 Hinc
1127 4071 1202 4127 acies
1221 4091 1250 4142 a,
1277 4074 1308 4127 in
1331 4090 1386 4144 qun
1404 4072 1564 4129 Potiticnus

225 4162 350 4230 primm
375 4162 524 4217 eandam
550 4163 669 4235 codicem
690 4162 836 4232 antiquam
858 4178 872 4214 s
894 4162 1037 4230 ἀιῑειιίεεο,
1063 4162 1161 4216 Made
1178 4176 1212 4215 ea
1231 4178 1245 4214 a
1267 4178 1364 4217 meres
1391 4163 1565 4219 reddidisse

228 4250 354 4318 attam
381 4257 525 4321 proderes
551 4250 625 4305 Hinc
646 4252 679 4306 in
700 4250 774 4305 Huic
792 4252 910 4307 correxit
937 4281 971 4289 -
999 4248 1107 4321 opimas
1131 4254 1284 4311 saulus
1315 4248 1414 4321 apinae
1437 4255 1563 4304 lmus

229 4354 358 4393 narrasae
371 4339 525 4410 propinans
539 4341 607 4409 (soil,
622 4338 711 4395 fertur
724 4358 738 4396 c
750 4358 778 4396 a.
790 4344 835 4410 70)
853 4340 999 4395 Krobnius
1026 4339 1086 4394 acie
1098 4384 1103 4393 .
1115 4384 1121 4395 .
1133 4383 1139 4395 .
1150 4339 1283 4394 sacrabat
1296 4340 1391 4410 opima
1404 4340 1565 4395 Bursiaaus

229 4459 264 4468 —
282 4426 448 4497 ‘te-italiam
466 4435 569 4485 coras
598 4461 632 4471 —
660 4434 695 4485 80
718 4428 828 4484 dicarat
848 4428 910 4485 oco
937 4460 973 4470 -
1000 4434 1035 4483 82
1059 4428 1224 4499 sacrilegam
1252 4447 1320 4487 corr.
1342 4429 1501 4485 Groaoaias
1528 4462 1562 4471 —

318 4644 351 4693 61
371 4643 406 4709 rs.
426 4644 464 4697 ad
481 4642 507 4696 Π
522 4648 546 4697 7.
561 4649 596 4696 94
620 4675 653 4683 -
681 4648 713 4697 71
737 4642 842 4698 Lucan.
856 4641 881 4695 V
896 4647 948 4696 669
977 4642 1044 4697 lieet
1067 4642 1195 4712 ingentes
1214 4644 1360 4715 abruperit
1382 4646 1461 4697 actus
1484 4644 1563 4699 sesti-

228 4730 298 4783 nata
316 4728 377 4783 dies
396 4729 475 4785 Fatis
503 4763 536 4771 -
565 4737 598 4786 81
619 4730 1006 4789 Silu.1116.43c0mesire
1034 4763 1068 4771 —
1097 4736 1131 4786 82
1155 4732 1204 4789 Sil.
1223 4733 1257 4787 It.
1276 4732 1382 4787 111610
1410 4732 1563 4803 sacrilegas

227 4818 356 4873 flammas
388 4819 603 4876 straverat
637 4821 783 4891 saodlegis
805 4820 899 4876 medis
925 4851 962 4860 -
989 4820 1092 4877 Lucan.
1111 4820 1191 4877 1380
1223 4822 1339 4877 numina
1361 4821 1561 4879 miscebit...

227 4908 343 4963 flamma
360 4940 395 4950 -

1297 5000 1348 5054 11⁸
