<?xml version="1.0" encoding="UTF-8"?>
<!DOCTYPE html PUBLIC "-//W3C//DTD XHTML 1.0 Transitional//EN"
    "http://www.w3.org/TR/xhtml1/DTD/xhtml1-transitional.dtd">
<html xmlns="http://www.w3.org/1999/xhtml" xml:lang="en" lang="en">
 <head>
  <title>
</title>
<meta http-equiv="Content-Type" content="text/html;charset=utf-8" />
  <meta name='ocr-system' content='tesseract 3.04.00' />
  <meta name='ocr-capabilities' content='ocr_page ocr_carea ocr_par ocr_line ocrx_word'/>
</head>
<body>
  <div class='ocr_page' id='page_1' title='image "./silvarvmlibri01buecgoog_0134.png"; bbox 0 0 3775 5567; ppageno 0'>
   <div class='ocr_carea' id='block_1_1' title="bbox 861 433 1197 523">
    <p class='ocr_par' dir='ltr' id='par_1_1' title="bbox 861 433 1197 523">
     <span class='ocr_line' id='line_1_1' title="bbox 861 433 1197 523; baseline 0.009 -36"><span class='ocrx_word' id='word_1_1' title='bbox 861 433 890 488; x_wconf 91' lang='lat' dir='ltr'><strong>P.</strong></span> <span class='ocrx_word' id='word_1_2' title='bbox 911 434 1048 490; x_wconf 77' lang='lat' dir='ltr'>PAPINII</span> <span class='ocrx_word' id='word_1_3' title='bbox 1066 434 1197 523; x_wconf 67' lang='lat' dir='ltr'><strong>sulm</strong></span> 
     </span>
    </p>
   </div>
   <div class='ocr_carea' id='block_1_2' title="bbox 622 596 1475 3902">
    <p class='ocr_par' dir='ltr' id='par_1_2' title="bbox 622 596 1475 3902">
     <span class='ocr_line' id='line_1_2' title="bbox 657 596 1284 683; baseline 0.005 -23"><span class='ocrx_word' id='word_1_4' title='bbox 657 600 745 661; x_wconf 88' lang='lat' dir='ltr'><strong>stent</strong></span> <span class='ocrx_word' id='word_1_5' title='bbox 768 596 883 662; x_wconf 87' lang='lat' dir='ltr'><strong>altaria</strong></span> <span class='ocrx_word' id='word_1_6' title='bbox 905 597 1121 683; x_wconf 90' lang='lat' dir='ltr'><strong>uictimaeque</strong></span> <span class='ocrx_word' id='word_1_7' title='bbox 1145 603 1284 683; x_wconf 77' lang='lat' dir='ltr'><strong>centum,</strong></span> 
     </span>
     <span class='ocr_line' id='line_1_3' title="bbox 658 704 1336 789; baseline 0.003 -21"><span class='ocrx_word' id='word_1_8' title='bbox 658 726 738 789; x_wconf 90' lang='lat' dir='ltr'><strong>quas</strong></span> <span class='ocrx_word' id='word_1_9' title='bbox 760 704 857 770; x_wconf 80' lang='lat' dir='ltr'><strong>Dirce</strong></span> <span class='ocrx_word' id='word_1_10' title='bbox 880 705 970 770; x_wconf 86' lang='lat' dir='ltr'><strong>lauat</strong></span> <span class='ocrx_word' id='word_1_11' title='bbox 993 711 1049 770; x_wconf 86' lang='lat' dir='ltr'><strong>aut</strong></span> <span class='ocrx_word' id='word_1_12' title='bbox 1072 705 1131 770; x_wconf 87' lang='lat' dir='ltr'><strong>alit</strong></span> <span class='ocrx_word' id='word_1_13' title='bbox 1155 704 1336 770; x_wconf 76' lang='lat' dir='ltr'><strong>Cithaeron.</strong></span> 
     </span>
     <span class='ocr_line' id='line_1_4' title="bbox 657 811 1287 898; baseline 0 -22"><span class='ocrx_word' id='word_1_14' title='bbox 657 811 821 876; x_wconf 86' lang='lat' dir='ltr'><strong>Lucanum</strong></span> <span class='ocrx_word' id='word_1_15' title='bbox 846 811 998 898; x_wconf 87' lang='lat' dir='ltr'><strong>canimus,</strong></span> <span class='ocrx_word' id='word_1_16' title='bbox 1022 812 1129 876; x_wconf 88' lang='lat' dir='ltr'><strong>fauete</strong></span> <span class='ocrx_word' id='word_1_17' title='bbox 1152 811 1287 898; x_wconf 83' lang='lat' dir='ltr'><strong>linguis!</strong></span> 
     </span>
     <span class='ocr_line' id='line_1_5' title="bbox 744 919 1475 1006; baseline 0.003 -22"><span class='ocrx_word' id='word_1_18' title='bbox 744 925 853 985; x_wconf 88' lang='lat' dir='ltr'><strong>uestra</strong></span> <span class='ocrx_word' id='word_1_19' title='bbox 875 925 924 986; x_wconf 89' lang='lat' dir='ltr'><strong>est</strong></span> <span class='ocrx_word' id='word_1_20' title='bbox 947 920 1012 984; x_wconf 87' lang='lat' dir='ltr'><strong>ista</strong></span> <span class='ocrx_word' id='word_1_21' title='bbox 1035 919 1160 984; x_wconf 88' lang='lat' dir='ltr'><strong>dies-</strong></span> <span class='ocrx_word' id='word_1_22' title='bbox 1176 921 1283 984; x_wconf 86' lang='lat' dir='ltr'><strong>fauete</strong></span> <span class='ocrx_word' id='word_1_23' title='bbox 1298 959 1339 966; x_wconf 93' lang='lat'><strong>—</strong></span> <span class='ocrx_word' id='word_1_24' title='bbox 1355 920 1475 1006; x_wconf 81' lang='lat' dir='ltr'>Musae,</span> 
     </span>
     <span class='ocr_line' id='line_1_6' title="bbox 656 1009 1361 1114; baseline 0.001 -24"><span class='ocrx_word' id='word_1_25' title='bbox 656 1027 732 1091; x_wconf 92' lang='lat' dir='ltr'><strong>dum</strong></span> <span class='ocrx_word' id='word_1_26' title='bbox 756 1026 811 1112; x_wconf 92' lang='lat' dir='ltr'><strong>qui</strong></span> <span class='ocrx_word' id='word_1_27' title='bbox 835 1048 895 1092; x_wconf 88' lang='lat' dir='ltr'><strong>uos</strong></span> <span class='ocrx_word' id='word_1_28' title='bbox 917 1026 1064 1114; x_wconf 83' lang='lat' dir='ltr'><strong>geminas</strong></span> <span class='ocrx_word' id='word_1_29' title='bbox 1087 1026 1164 1091; x_wconf 92' lang='lat' dir='ltr'><strong>tulit</strong></span> <span class='ocrx_word' id='word_1_30' title='bbox 1187 1009 1244 1112; x_wconf 84' lang='lat' dir='ltr'><strong>per</strong></span> <span class='ocrx_word' id='word_1_31' title='bbox 1266 1031 1361 1110; x_wconf 86' lang='lat' dir='ltr'><strong>artes,</strong></span> 
     </span>
     <span class='ocr_line' id='line_1_7' title="bbox 655 1133 1268 1220; baseline 0 -21"><span class='ocrx_word' id='word_1_32' title='bbox 655 1138 688 1199; x_wconf 89' lang='lat' dir='ltr'><strong>ct</strong></span> <span class='ocrx_word' id='word_1_33' title='bbox 711 1134 838 1200; x_wconf 88' lang='lat' dir='ltr'><strong>uinctac</strong></span> <span class='ocrx_word' id='word_1_34' title='bbox 862 1135 942 1220; x_wconf 92' lang='lat' dir='ltr'><strong>pede</strong></span> <span class='ocrx_word' id='word_1_35' title='bbox 966 1136 1056 1199; x_wconf 88' lang='lat' dir='ltr'><strong>uocis</strong></span> <span class='ocrx_word' id='word_1_36' title='bbox 1079 1138 1112 1199; x_wconf 91' lang='lat' dir='ltr'><strong>et</strong></span> <span class='ocrx_word' id='word_1_37' title='bbox 1135 1133 1268 1217; x_wconf 87' lang='lat' dir='ltr'><strong>solutae,</strong></span> 
     </span>
     <span class='ocr_line' id='line_1_8' title="bbox 653 1240 1227 1306; baseline -0.003 0"><span class='ocrx_word' id='word_1_38' title='bbox 653 1241 790 1306; x_wconf 84' lang='lat' dir='ltr'><strong>Romani</strong></span> <span class='ocrx_word' id='word_1_39' title='bbox 816 1241 934 1306; x_wconf 89' lang='lat' dir='ltr'><strong>colitur</strong></span> <span class='ocrx_word' id='word_1_40' title='bbox 957 1240 1045 1306; x_wconf 90' lang='lat' dir='ltr'><strong>chori</strong></span> <span class='ocrx_word' id='word_1_41' title='bbox 1070 1240 1227 1306; x_wconf 77' lang='lat' dir='ltr'><strong>sacerdos.</strong></span> 
     </span>
     <span class='ocr_line' id='line_1_9' title="bbox 654 1346 1276 1436; baseline 0 -24"><span class='ocrx_word' id='word_1_42' title='bbox 654 1348 732 1413; x_wconf 84' lang='lat' dir='ltr'><strong>felix</strong></span> <span class='ocrx_word' id='word_1_43' title='bbox 757 1347 835 1436; x_wconf 90' lang='lat' dir='ltr'><strong>(heu</strong></span> <span class='ocrx_word' id='word_1_44' title='bbox 858 1346 971 1436; x_wconf 83' lang='lat' dir='ltr'><strong>nimis)</strong></span> <span class='ocrx_word' id='word_1_45' title='bbox 994 1353 1027 1413; x_wconf 92' lang='lat' dir='ltr'><strong>et</strong></span> <span class='ocrx_word' id='word_1_46' title='bbox 1051 1347 1147 1413; x_wconf 89' lang='lat' dir='ltr'><strong>beata</strong></span> <span class='ocrx_word' id='word_1_47' title='bbox 1169 1347 1276 1433; x_wconf 83' lang='lat' dir='ltr'><strong>tellus,</strong></span> 
     </span>
     <span class='ocr_line' id='line_1_10' title="bbox 654 1454 1246 1542; baseline -0.002 -22"><span class='ocrx_word' id='word_1_48' title='bbox 654 1478 735 1541; x_wconf 89' lang='lat' dir='ltr'><strong>quae</strong></span> <span class='ocrx_word' id='word_1_49' title='bbox 758 1478 878 1542; x_wconf 86' lang='lat' dir='ltr'><strong>pronos</strong></span> <span class='ocrx_word' id='word_1_50' title='bbox 901 1454 1099 1541; x_wconf 88' lang='lat' dir='ltr'><strong>Hyperionis</strong></span> <span class='ocrx_word' id='word_1_51' title='bbox 1121 1459 1246 1520; x_wconf 85' lang='lat' dir='ltr'><strong>meatus</strong></span> 
     </span>
     <span class='ocr_line' id='line_1_11' title="bbox 653 1561 1220 1628; baseline -0.004 0"><span class='ocrx_word' id='word_1_52' title='bbox 653 1563 788 1628; x_wconf 86' lang='lat' dir='ltr'><strong>summis</strong></span> <span class='ocrx_word' id='word_1_53' title='bbox 811 1561 930 1628; x_wconf 83' lang='lat' dir='ltr'><strong>Oceani</strong></span> <span class='ocrx_word' id='word_1_54' title='bbox 954 1563 1046 1628; x_wconf 88' lang='lat' dir='ltr'><strong>uides</strong></span> <span class='ocrx_word' id='word_1_55' title='bbox 1069 1562 1102 1627; x_wconf 91' lang='lat' dir='ltr'><strong>in</strong></span> <span class='ocrx_word' id='word_1_56' title='bbox 1126 1563 1220 1627; x_wconf 87' lang='lat' dir='ltr'><strong>undis</strong></span> 
     </span>
     <span class='ocr_line' id='line_1_12' title="bbox 653 1669 1290 1757; baseline -0.005 -21"><span class='ocrx_word' id='word_1_57' title='bbox 653 1670 888 1757; x_wconf 84' lang='lat' dir='ltr'><strong>stridoremque</strong></span> <span class='ocrx_word' id='word_1_58' title='bbox 910 1674 1001 1736; x_wconf 85' lang='lat' dir='ltr'><strong>rotae</strong></span> <span class='ocrx_word' id='word_1_59' title='bbox 1024 1669 1167 1735; x_wconf 89' lang='lat' dir='ltr'><strong>cadentis</strong></span> <span class='ocrx_word' id='word_1_60' title='bbox 1190 1669 1290 1756; x_wconf 85' lang='lat' dir='ltr'><strong>audis,</strong></span> 
     </span>
     <span class='ocr_line' id='line_1_13' title="bbox 653 1775 1241 1863; baseline -0.002 -21"><span class='ocrx_word' id='word_1_61' title='bbox 653 1799 735 1863; x_wconf 87' lang='lat' dir='ltr'><strong>quae</strong></span> <span class='ocrx_word' id='word_1_62' title='bbox 757 1776 925 1842; x_wconf 85' lang='lat' dir='ltr'><strong>Tritonide</strong></span> <span class='ocrx_word' id='word_1_63' title='bbox 948 1775 1073 1841; x_wconf 83' lang='lat' dir='ltr'><strong>fertiles</strong></span> <span class='ocrx_word' id='word_1_64' title='bbox 1095 1775 1241 1841; x_wconf 83' lang='lat' dir='ltr'><strong>Athenas</strong></span> 
     </span>
     <span class='ocr_line' id='line_1_14' title="bbox 652 1882 1282 1969; baseline -0.002 -20"><span class='ocrx_word' id='word_1_65' title='bbox 652 1884 767 1969; x_wconf 84' lang='lat' dir='ltr'><strong>unctis,</strong></span> <span class='ocrx_word' id='word_1_66' title='bbox 790 1884 930 1968; x_wconf 83' lang='lat' dir='ltr'><strong>Baetica,</strong></span> <span class='ocrx_word' id='word_1_67' title='bbox 953 1905 1111 1969; x_wconf 90' lang='lat' dir='ltr'><strong>prouocas</strong></span> <span class='ocrx_word' id='word_1_68' title='bbox 1133 1882 1282 1968; x_wconf 77' lang='lat' dir='ltr'><strong>trapetis:</strong></span> 
     </span>
     <span class='ocr_line' id='line_1_15' title="bbox 650 1990 1247 2076; baseline -0.007 -18"><span class='ocrx_word' id='word_1_69' title='bbox 650 1993 815 2058; x_wconf 88' lang='lat' dir='ltr'><strong>Lucanum</strong></span> <span class='ocrx_word' id='word_1_70' title='bbox 839 1996 931 2076; x_wconf 88' lang='lat' dir='ltr'><strong>potes</strong></span> <span class='ocrx_word' id='word_1_71' title='bbox 955 1991 1115 2076; x_wconf 88' lang='lat' dir='ltr'><strong>imputare</strong></span> <span class='ocrx_word' id='word_1_72' title='bbox 1139 1990 1247 2055; x_wconf 88' lang='lat' dir='ltr'><strong>terris!</strong></span> 
     </span>
     <span class='ocr_line' id='line_1_16' title="bbox 650 2097 1398 2185; baseline -0.004 -20"><span class='ocrx_word' id='word_1_73' title='bbox 650 2101 712 2165; x_wconf 90' lang='lat' dir='ltr'><strong>hoc</strong></span> <span class='ocrx_word' id='word_1_74' title='bbox 734 2100 808 2185; x_wconf 90' lang='lat' dir='ltr'><strong>plus</strong></span> <span class='ocrx_word' id='word_1_75' title='bbox 831 2121 928 2185; x_wconf 87' lang='lat' dir='ltr'><strong>quam</strong></span> <span class='ocrx_word' id='word_1_76' title='bbox 952 2097 1106 2164; x_wconf 80' lang='lat' dir='ltr'><strong>Senecam</strong></span> <span class='ocrx_word' id='word_1_77' title='bbox 1130 2098 1254 2164; x_wconf 86' lang='lat' dir='ltr'><strong>dedisse</strong></span> <span class='ocrx_word' id='word_1_78' title='bbox 1279 2098 1398 2162; x_wconf 89' lang='lat' dir='ltr'><strong>mundo</strong></span> 
     </span>
     <span class='ocr_line' id='line_1_17' title="bbox 650 2205 1258 2294; baseline -0.002 -23"><span class='ocrx_word' id='word_1_79' title='bbox 650 2212 707 2272; x_wconf 88' lang='lat' dir='ltr'><strong>aut</strong></span> <span class='ocrx_word' id='word_1_80' title='bbox 729 2207 855 2272; x_wconf 88' lang='lat' dir='ltr'><strong>dulcem</strong></span> <span class='ocrx_word' id='word_1_81' title='bbox 878 2228 1049 2294; x_wconf 79' lang='lat' dir='ltr'><strong>generasse</strong></span> <span class='ocrx_word' id='word_1_82' title='bbox 1068 2205 1258 2271; x_wconf 73' lang='lat' dir='ltr'><strong>Gallionem.</strong></span> 
     </span>
     <span class='ocr_line' id='line_1_18' title="bbox 649 2314 1217 2380; baseline -0.002 -1"><span class='ocrx_word' id='word_1_83' title='bbox 649 2314 778 2379; x_wconf 88' lang='lat' dir='ltr'><strong>attollat</strong></span> <span class='ocrx_word' id='word_1_84' title='bbox 801 2315 918 2380; x_wconf 87' lang='lat' dir='ltr'><strong>refluos</strong></span> <span class='ocrx_word' id='word_1_85' title='bbox 941 2314 977 2379; x_wconf 91' lang='lat' dir='ltr'><strong>in</strong></span> <span class='ocrx_word' id='word_1_86' title='bbox 999 2317 1086 2378; x_wconf 87' lang='lat' dir='ltr'><strong>astra</strong></span> <span class='ocrx_word' id='word_1_87' title='bbox 1109 2314 1217 2379; x_wconf 86' lang='lat' dir='ltr'><strong>fontes</strong></span> 
     </span>
     <span class='ocr_line' id='line_1_19' title="bbox 650 2419 1197 2505; baseline -0.004 -19"><span class='ocrx_word' id='word_1_88' title='bbox 650 2420 745 2487; x_wconf 80' lang='lat' dir='ltr'><strong>Graio</strong></span> <span class='ocrx_word' id='word_1_89' title='bbox 769 2421 912 2486; x_wconf 90' lang='lat' dir='ltr'><strong>nobilior</strong></span> <span class='ocrx_word' id='word_1_90' title='bbox 934 2420 1052 2486; x_wconf 87' lang='lat' dir='ltr'><strong>Melete</strong></span> <span class='ocrx_word' id='word_1_91' title='bbox 1075 2419 1197 2505; x_wconf 78' lang='lat' dir='ltr'><strong>Baetis3</strong></span> 
     </span>
     <span class='ocr_line' id='line_1_20' title="bbox 650 2528 1324 2613; baseline -0.003 -20"><span class='ocrx_word' id='word_1_92' title='bbox 650 2528 789 2613; x_wconf 87' lang='lat' dir='ltr'><strong>Baetim,</strong></span> <span class='ocrx_word' id='word_1_93' title='bbox 812 2528 960 2613; x_wconf 83' lang='lat' dir='ltr'><strong>Mantua,</strong></span> <span class='ocrx_word' id='word_1_94' title='bbox 982 2549 1158 2613; x_wconf 87' lang='lat' dir='ltr'><strong>prouocare</strong></span> <span class='ocrx_word' id='word_1_95' title='bbox 1180 2528 1257 2592; x_wconf 91' lang='lat' dir='ltr'><strong>noli.</strong></span> <span class='ocrx_word' id='word_1_96' title='bbox 1280 2566 1324 2575; x_wconf 91' lang='lat'>-</span> 
     </span>
     <span class='ocr_line' id='line_1_21' title="bbox 649 2633 1416 2721; baseline 0.001 -22"><span class='ocrx_word' id='word_1_97' title='bbox 649 2640 762 2700; x_wconf 91' lang='lat' dir='ltr'><strong>natum</strong></span> <span class='ocrx_word' id='word_1_98' title='bbox 783 2635 932 2721; x_wconf 88' lang='lat' dir='ltr'><strong>protinus</strong></span> <span class='ocrx_word' id='word_1_99' title='bbox 955 2640 1052 2720; x_wconf 87' lang='lat' dir='ltr'><strong>atque</strong></span> <span class='ocrx_word' id='word_1_100' title='bbox 1075 2633 1209 2699; x_wconf 92' lang='lat' dir='ltr'><strong>humum</strong></span> <span class='ocrx_word' id='word_1_101' title='bbox 1233 2657 1290 2720; x_wconf 89' lang='lat' dir='ltr'><strong>per</strong></span> <span class='ocrx_word' id='word_1_102' title='bbox 1313 2637 1416 2721; x_wconf 89' lang='lat' dir='ltr'><strong>ipsam</strong></span> 
     </span>
     <span class='ocr_line' id='line_1_22' title="bbox 649 2742 1266 2829; baseline -0.003 -21"><span class='ocrx_word' id='word_1_103' title='bbox 649 2743 753 2829; x_wconf 90' lang='lat' dir='ltr'><strong>primo</strong></span> <span class='ocrx_word' id='word_1_104' title='bbox 777 2765 940 2808; x_wconf 87' lang='lat' dir='ltr'><strong>murmure</strong></span> <span class='ocrx_word' id='word_1_105' title='bbox 964 2742 1057 2807; x_wconf 88' lang='lat' dir='ltr'><strong>dulce</strong></span> <span class='ocrx_word' id='word_1_106' title='bbox 1080 2742 1266 2828; x_wconf 76' lang='lat' dir='ltr'><strong>cagientcm</strong></span> 
     </span>
     <span class='ocr_line' id='line_1_23' title="bbox 649 2849 1183 2936; baseline -0.002 -22"><span class='ocrx_word' id='word_1_107' title='bbox 649 2850 767 2915; x_wconf 89' lang='lat' dir='ltr'><strong>blando</strong></span> <span class='ocrx_word' id='word_1_108' title='bbox 792 2850 934 2936; x_wconf 81' lang='lat' dir='ltr'><strong>Calhope</strong></span> <span class='ocrx_word' id='word_1_109' title='bbox 957 2849 1030 2914; x_wconf 89' lang='lat' dir='ltr'><strong>sinu</strong></span> <span class='ocrx_word' id='word_1_110' title='bbox 1054 2849 1183 2936; x_wconf 87' lang='lat' dir='ltr'><strong>recepit.</strong></span> 
     </span>
     <span class='ocr_line' id='line_1_24' title="bbox 646 2957 1283 3043; baseline 0 -21"><span class='ocrx_word' id='word_1_111' title='bbox 646 2962 717 3022; x_wconf 91' lang='lat' dir='ltr'><strong>tum</strong></span> <span class='ocrx_word' id='word_1_112' title='bbox 740 2957 880 3043; x_wconf 88' lang='lat' dir='ltr'><strong>primum</strong></span> <span class='ocrx_word' id='word_1_113' title='bbox 905 2957 1013 3042; x_wconf 80' lang='lat' dir='ltr'><strong>posito</strong></span> <span class='ocrx_word' id='word_1_114' title='bbox 1037 2957 1170 3022; x_wconf 86' lang='lat' dir='ltr'><strong>remissa</strong></span> <span class='ocrx_word' id='word_1_115' title='bbox 1192 2958 1283 3022; x_wconf 89' lang='lat' dir='ltr'><strong>luctu</strong></span> 
     </span>
     <span class='ocr_line' id='line_1_25' title="bbox 646 3063 1195 3152; baseline 0 -22"><span class='ocrx_word' id='word_1_116' title='bbox 646 3065 761 3152; x_wconf 83' lang='lat' dir='ltr'><strong>longos</strong></span> <span class='ocrx_word' id='word_1_117' title='bbox 784 3063 931 3150; x_wconf 89' lang='lat' dir='ltr'><strong>Orpheos</strong></span> <span class='ocrx_word' id='word_1_118' title='bbox 955 3063 1046 3129; x_wconf 87' lang='lat' dir='ltr'><strong>exuit</strong></span> <span class='ocrx_word' id='word_1_119' title='bbox 1068 3065 1195 3130; x_wconf 89' lang='lat' dir='ltr'><strong>dolores</strong></span> 
     </span>
     <span class='ocr_line' id='line_1_26' title="bbox 622 3171 1220 3268; baseline 0 -30"><span class='ocrx_word' id='word_1_120' title='bbox 622 3177 680 3268; x_wconf 35' lang='lat' dir='ltr'><strong>&#39;et</strong></span> <span class='ocrx_word' id='word_1_121' title='bbox 703 3172 798 3237; x_wconf 88' lang='lat' dir='ltr'><strong>dixit:</strong></span> <span class='ocrx_word' id='word_1_122' title='bbox 823 3173 915 3256; x_wconf 77' lang='lat' dir='ltr'><strong>‘puer</strong></span> <span class='ocrx_word' id='word_1_123' title='bbox 938 3193 958 3236; x_wconf 97' lang='lat' dir='ltr'><strong>o</strong></span> <span class='ocrx_word' id='word_1_124' title='bbox 982 3171 1086 3237; x_wconf 84' lang='lat' dir='ltr'><strong>dicate</strong></span> <span class='ocrx_word' id='word_1_125' title='bbox 1109 3171 1220 3257; x_wconf 86' lang='lat' dir='ltr'><strong>Musis,</strong></span> 
     </span>
     <span class='ocr_line' id='line_1_27' title="bbox 645 3279 1235 3364; baseline -0.002 -19"><span class='ocrx_word' id='word_1_126' title='bbox 645 3281 822 3364; x_wconf 84' lang='lat' dir='ltr'><strong>longaeuos</strong></span> <span class='ocrx_word' id='word_1_127' title='bbox 845 3279 910 3345; x_wconf 87' lang='lat' dir='ltr'><strong>cito</strong></span> <span class='ocrx_word' id='word_1_128' title='bbox 934 3279 1111 3345; x_wconf 89' lang='lat' dir='ltr'><strong>transiture</strong></span> <span class='ocrx_word' id='word_1_129' title='bbox 1133 3283 1235 3364; x_wconf 83' lang='lat' dir='ltr'><strong>uates,</strong></span> 
     </span>
     <span class='ocr_line' id='line_1_28' title="bbox 646 3387 1314 3475; baseline 0 -23"><span class='ocrx_word' id='word_1_130' title='bbox 646 3410 711 3453; x_wconf 88' lang='lat' dir='ltr'><strong>non</strong></span> <span class='ocrx_word' id='word_1_131' title='bbox 734 3391 770 3451; x_wconf 90' lang='lat' dir='ltr'><strong>tu</strong></span> <span class='ocrx_word' id='word_1_132' title='bbox 793 3387 927 3452; x_wconf 87' lang='lat' dir='ltr'><strong>flumina</strong></span> <span class='ocrx_word' id='word_1_133' title='bbox 949 3409 1009 3452; x_wconf 89' lang='lat' dir='ltr'><strong>nec</strong></span> <span class='ocrx_word' id='word_1_134' title='bbox 1031 3409 1148 3475; x_wconf 80' lang='lat' dir='ltr'><strong>greges</strong></span> <span class='ocrx_word' id='word_1_135' title='bbox 1173 3388 1314 3453; x_wconf 85' lang='lat' dir='ltr'><strong>ferarum</strong></span> 
     </span>
     <span class='ocr_line' id='line_1_29' title="bbox 647 3492 1304 3582; baseline 0 -23"><span class='ocrx_word' id='word_1_136' title='bbox 647 3517 706 3559; x_wconf 87' lang='lat' dir='ltr'><strong>nec</strong></span> <span class='ocrx_word' id='word_1_137' title='bbox 728 3494 853 3580; x_wconf 89' lang='lat' dir='ltr'><strong>plectro</strong></span> <span class='ocrx_word' id='word_1_138' title='bbox 877 3492 1005 3560; x_wconf 83' lang='lat' dir='ltr'><strong>Geticas</strong></span> <span class='ocrx_word' id='word_1_139' title='bbox 1026 3493 1176 3560; x_wconf 86' lang='lat' dir='ltr'><strong>monebis</strong></span> <span class='ocrx_word' id='word_1_140' title='bbox 1199 3516 1304 3582; x_wconf 88' lang='lat' dir='ltr'><strong>ornos,</strong></span> 
     </span>
     <span class='ocr_line' id='line_1_30' title="bbox 645 3602 1371 3689; baseline 0 -22"><span class='ocrx_word' id='word_1_141' title='bbox 645 3603 701 3667; x_wconf 91' lang='lat' dir='ltr'><strong>scd</strong></span> <span class='ocrx_word' id='word_1_142' title='bbox 724 3608 848 3687; x_wconf 80' lang='lat' dir='ltr'><strong>septem</strong></span> <span class='ocrx_word' id='word_1_143' title='bbox 872 3603 949 3689; x_wconf 78' lang='lat' dir='ltr'><strong>iuga</strong></span> <span class='ocrx_word' id='word_1_144' title='bbox 971 3602 1189 3686; x_wconf 81' lang='lat' dir='ltr'><strong>Martiumque</strong></span> <span class='ocrx_word' id='word_1_145' title='bbox 1213 3602 1371 3687; x_wconf 83' lang='lat' dir='ltr'><strong>Thybrim</strong></span> 
     </span>
     <span class='ocr_line' id='line_1_31' title="bbox 645 3709 1212 3795; baseline -0.002 -21"><span class='ocrx_word' id='word_1_146' title='bbox 645 3714 678 3774; x_wconf 90' lang='lat' dir='ltr'><strong>et</strong></span> <span class='ocrx_word' id='word_1_147' title='bbox 701 3709 812 3775; x_wconf 90' lang='lat' dir='ltr'><strong>doctos</strong></span> <span class='ocrx_word' id='word_1_148' title='bbox 836 3709 962 3794; x_wconf 86' lang='lat' dir='ltr'><strong>equites</strong></span> <span class='ocrx_word' id='word_1_149' title='bbox 984 3714 1017 3774; x_wconf 89' lang='lat' dir='ltr'><strong>et</strong></span> <span class='ocrx_word' id='word_1_150' title='bbox 1040 3710 1212 3795; x_wconf 87' lang='lat' dir='ltr'><strong>eloquente</strong></span> 
     </span>
     <span class='ocr_line' id='line_1_32' title="bbox 645 3816 1272 3902; baseline 0.002 -21"><span class='ocrx_word' id='word_1_151' title='bbox 645 3821 741 3882; x_wconf 84' lang='lat' dir='ltr'><strong>cantu</strong></span> <span class='ocrx_word' id='word_1_152' title='bbox 764 3839 962 3902; x_wconf 90' lang='lat' dir='ltr'><strong>purpureum</strong></span> <span class='ocrx_word' id='word_1_153' title='bbox 985 3816 1094 3881; x_wconf 88' lang='lat' dir='ltr'><strong>trahes</strong></span> <span class='ocrx_word' id='word_1_154' title='bbox 1117 3821 1272 3882; x_wconf 87' lang='lat' dir='ltr'><strong>senatum.</strong></span> 
     </span>
    </p>
   </div>
   <div class='ocr_carea' id='block_1_3' title="bbox 344 3962 545 3970">
    <p class='ocr_par' dir='ltr' id='par_1_3' title="bbox 344 3962 545 3970">
     <span class='ocr_line' id='line_1_33' title="bbox 344 3962 545 3970; baseline 0.01 -2"><span class='ocrx_word' id='word_1_155' title='bbox 344 3962 519 3969; x_wconf 75' lang='lat'><strong>——-....-.</strong></span> <span class='ocrx_word' id='word_1_156' title='bbox 540 3965 545 3970; x_wconf 88' lang='lat'>.</span> 
     </span>
    </p>
   </div>
   <div class='ocr_carea' id='block_1_4' title="bbox 431 4064 1674 4137">
    <p class='ocr_par' dir='ltr' id='par_1_4' title="bbox 431 4064 1674 4137">
     <span class='ocr_line' id='line_1_34' title="bbox 431 4064 1674 4137; baseline 0.004 -20"><span class='ocrx_word' id='word_1_157' title='bbox 431 4069 463 4117; x_wconf 78' lang='lat'><strong>21</strong></span> <span class='ocrx_word' id='word_1_158' title='bbox 479 4081 528 4134; x_wconf 90' lang='lat' dir='ltr'><strong>par</strong></span> <span class='ocrx_word' id='word_1_159' title='bbox 543 4081 620 4119; x_wconf 85' lang='lat' dir='ltr'><strong>arces</strong></span> <span class='ocrx_word' id='word_1_160' title='bbox 633 4066 772 4120; x_wconf 79' lang='lat' dir='ltr'><strong>Borthiua</strong></span> <span class='ocrx_word' id='word_1_161' title='bbox 786 4097 820 4105; x_wconf 97' lang='lat'>—</span> <span class='ocrx_word' id='word_1_162' title='bbox 834 4071 868 4118; x_wconf 85' lang='grc'><strong>36</strong></span> <span class='ocrx_word' id='word_1_163' title='bbox 884 4082 957 4135; x_wconf 83' lang='lat' dir='ltr'><strong>aque</strong></span> <span class='ocrx_word' id='word_1_164' title='bbox 972 4109 1013 4121; x_wconf 93' lang='lat'><strong>...</strong></span> <span class='ocrx_word' id='word_1_165' title='bbox 1028 4064 1122 4136; x_wconf 87' lang='lat' dir='ltr'><strong>ipsum</strong></span> <span class='ocrx_word' id='word_1_166' title='bbox 1135 4070 1156 4117; x_wconf 81' lang='lat'><strong>1.</strong></span> <span class='ocrx_word' id='word_1_167' title='bbox 1169 4097 1205 4106; x_wconf 90' lang='lat'><strong>—-</strong></span> <span class='ocrx_word' id='word_1_168' title='bbox 1219 4070 1252 4118; x_wconf 79' lang='lat'><strong>37</strong></span> <span class='ocrx_word' id='word_1_169' title='bbox 1268 4064 1388 4135; x_wconf 88' lang='lat' dir='ltr'><strong>primum</strong></span> <span class='ocrx_word' id='word_1_170' title='bbox 1402 4071 1423 4118; x_wconf 81' lang='lat'><strong>1.</strong></span> <span class='ocrx_word' id='word_1_171' title='bbox 1445 4066 1535 4137; x_wconf 88' lang='lat' dir='ltr'><strong>primo</strong></span> <span class='ocrx_word' id='word_1_172' title='bbox 1544 4068 1586 4120; x_wconf 75' lang='grc' dir='ltr'><strong>Δ*</strong></span> <span class='ocrx_word' id='word_1_173' title='bbox 1597 4071 1631 4137; x_wconf 72' lang='lat' dir='ltr'><strong>(l)</strong></span> <span class='ocrx_word' id='word_1_174' title='bbox 1640 4099 1674 4108; x_wconf 89' lang='lat'>—</span> 
     </span>
    </p>
   </div>
   <div class='ocr_carea' id='block_1_5' title="bbox 342 4193 555 4203">
    <p class='ocr_par' dir='ltr' id='par_1_5' title="bbox 342 4193 555 4203">
     <span class='ocr_line' id='line_1_35' title="bbox 342 4193 555 4203; baseline 0 -1"><span class='ocrx_word' id='word_1_175' title='bbox 342 4193 555 4203; x_wconf 77' lang='lat'><strong>——.</strong></span> 
     </span>
    </p>
   </div>
   <div class='ocr_carea' id='block_1_6' title="bbox 339 4277 1674 4973">
    <p class='ocr_par' dir='ltr' id='par_1_6' title="bbox 339 4277 1674 4973">
     <span class='ocr_line' id='line_1_36' title="bbox 433 4277 1674 4351; baseline 0.003 -19"><span class='ocrx_word' id='word_1_176' title='bbox 433 4285 466 4332; x_wconf 87' lang='lat'><strong>19</strong></span> <span class='ocrx_word' id='word_1_177' title='bbox 477 4297 537 4348; x_wconf 83' lang='lat' dir='ltr'><strong>sqq.</strong></span> <span class='ocrx_word' id='word_1_178' title='bbox 557 4279 622 4334; x_wconf 87' lang='lat' dir='ltr'><strong>Hor.</strong></span> <span class='ocrx_word' id='word_1_179' title='bbox 642 4277 732 4335; x_wconf 82' lang='lat' dir='ltr'><strong>Oarm.</strong></span> <span class='ocrx_word' id='word_1_180' title='bbox 746 4279 786 4333; x_wconf 92' lang='lat' dir='ltr'><strong>III</strong></span> <span class='ocrx_word' id='word_1_181' title='bbox 806 4286 829 4334; x_wconf 93' lang='lat'><strong>1.</strong></span> <span class='ocrx_word' id='word_1_182' title='bbox 845 4287 860 4334; x_wconf 79' lang='lat'>2</span> <span class='ocrx_word' id='word_1_183' title='bbox 884 4281 980 4334; x_wconf 84' lang='lat' dir='ltr'><strong>fauete</strong></span> <span class='ocrx_word' id='word_1_184' title='bbox 1003 4280 1121 4351; x_wconf 55' lang='lat' dir='ltr'><strong>lingula</strong></span> <span class='ocrx_word' id='word_1_185' title='bbox 1147 4279 1274 4335; x_wconf 81' lang='lat' dir='ltr'><strong>carmina</strong></span> <span class='ocrx_word' id='word_1_186' title='bbox 1291 4297 1348 4335; x_wconf 91' lang='lat' dir='ltr'><strong>non</strong></span> <span class='ocrx_word' id='word_1_187' title='bbox 1365 4279 1444 4350; x_wconf 84' lang='lat' dir='ltr'><strong>prius</strong></span> <span class='ocrx_word' id='word_1_188' title='bbox 1462 4281 1563 4336; x_wconf 86' lang='lat' dir='ltr'><strong>andita</strong></span> <span class='ocrx_word' id='word_1_189' title='bbox 1580 4281 1674 4336; x_wconf 79' lang='lat' dir='ltr'><strong>Musa·</strong></span> 
     </span>
     <span class='ocr_line' id='line_1_37' title="bbox 339 4367 1673 4426; baseline 0.003 -4"><span class='ocrx_word' id='word_1_190' title='bbox 339 4387 401 4422; x_wconf 88' lang='lat' dir='ltr'><strong>rum</strong></span> <span class='ocrx_word' id='word_1_191' title='bbox 416 4367 546 4422; x_wconf 81' lang='lat' dir='ltr'><strong>sacerdos</strong></span> <span class='ocrx_word' id='word_1_192' title='bbox 563 4411 567 4420; x_wconf 91' lang='lat'><strong>.</strong></span> <span class='ocrx_word' id='word_1_193' title='bbox 585 4412 590 4423; x_wconf 94' lang='lat'><strong>.</strong></span> <span class='ocrx_word' id='word_1_194' title='bbox 607 4411 612 4422; x_wconf 95' lang='lat'><strong>.</strong></span> <span class='ocrx_word' id='word_1_195' title='bbox 627 4371 711 4422; x_wconf 86' lang='lat' dir='ltr'><strong>canto</strong></span> <span class='ocrx_word' id='word_1_196' title='bbox 730 4401 764 4410; x_wconf 95' lang='lat'>-</span> <span class='ocrx_word' id='word_1_197' title='bbox 784 4373 818 4422; x_wconf 82' lang='lat'><strong>20</strong></span> <span class='ocrx_word' id='word_1_198' title='bbox 836 4369 1000 4424; x_wconf 87' lang='lat' dir='ltr'><strong>Merobaud.</strong></span> <span class='ocrx_word' id='word_1_199' title='bbox 1015 4369 1044 4424; x_wconf 83' lang='lat' dir='ltr'><strong>C.</strong></span> <span class='ocrx_word' id='word_1_200' title='bbox 1059 4368 1096 4424; x_wconf 85' lang='lat' dir='ltr'><strong>IV</strong></span> <span class='ocrx_word' id='word_1_201' title='bbox 1111 4375 1127 4422; x_wconf 80' lang='lat' dir='ltr'><strong>b</strong></span> <span class='ocrx_word' id='word_1_202' title='bbox 1147 4386 1243 4425; x_wconf 87' lang='lat' dir='ltr'><strong>omnes</strong></span> <span class='ocrx_word' id='word_1_203' title='bbox 1261 4386 1335 4423; x_wconf 88' lang='lat' dir='ltr'><strong>nunc</strong></span> <span class='ocrx_word' id='word_1_204' title='bbox 1349 4367 1449 4423; x_wconf 84' lang='lat' dir='ltr'><strong>Latiae</strong></span> <span class='ocrx_word' id='word_1_205' title='bbox 1465 4369 1561 4426; x_wconf 85' lang='lat' dir='ltr'><strong>fauete</strong></span> <span class='ocrx_word' id='word_1_206' title='bbox 1575 4371 1673 4426; x_wconf 83' lang='lat' dir='ltr'><strong>Musae</strong></span> 
     </span>
     <span class='ocr_line' id='line_1_38' title="bbox 340 4457 1671 4531; baseline 0.003 -20"><span class='ocrx_word' id='word_1_207' title='bbox 340 4491 375 4499; x_wconf 96' lang='lat'>—</span> <span class='ocrx_word' id='word_1_208' title='bbox 403 4465 437 4512; x_wconf 78' lang='lat'><strong>24</strong></span> <span class='ocrx_word' id='word_1_209' title='bbox 456 4459 489 4513; x_wconf 84' lang='lat' dir='ltr'><strong>de</strong></span> <span class='ocrx_word' id='word_1_210' title='bbox 506 4459 627 4526; x_wconf 74' lang='lat' dir='ltr'><strong>formula</strong></span> <span class='ocrx_word' id='word_1_211' title='bbox 646 4474 662 4512; x_wconf 94' lang='lat' dir='ltr'><strong>o</strong></span> <span class='ocrx_word' id='word_1_212' title='bbox 681 4457 797 4512; x_wconf 89' lang='lat' dir='ltr'><strong>nimium</strong></span> <span class='ocrx_word' id='word_1_213' title='bbox 817 4457 885 4512; x_wconf 85' lang='lat' dir='ltr'><strong>felix</strong></span> <span class='ocrx_word' id='word_1_214' title='bbox 913 4461 948 4526; x_wconf 81' lang='lat' dir='ltr'><strong>cf.</strong></span> <span class='ocrx_word' id='word_1_215' title='bbox 963 4459 1066 4513; x_wconf 84' lang='lat' dir='ltr'><strong>Hosrvs</strong></span> <span class='ocrx_word' id='word_1_216' title='bbox 1089 4459 1354 4515; x_wconf 72' lang='lat' dir='ltr'><strong>Mus.Rhen.1892</strong></span> <span class='ocrx_word' id='word_1_217' title='bbox 1377 4476 1404 4528; x_wconf 91' lang='lat' dir='ltr'><strong>p.</strong></span> <span class='ocrx_word' id='word_1_218' title='bbox 1419 4463 1472 4512; x_wconf 75' lang='lat'><strong>464</strong></span> <span class='ocrx_word' id='word_1_219' title='bbox 1493 4468 1519 4514; x_wconf 80' lang='lat' dir='ltr'><strong>et</strong></span> <span class='ocrx_word' id='word_1_220' title='bbox 1537 4460 1620 4531; x_wconf 80' lang='lat' dir='ltr'><strong>Verg.</strong></span> <span class='ocrx_word' id='word_1_221' title='bbox 1640 4462 1671 4516; x_wconf 80' lang='lat' dir='ltr'><strong>A.</strong></span> 
     </span>
     <span class='ocr_line' id='line_1_39' title="bbox 340 4545 1673 4618; baseline 0.002 -15"><span class='ocrx_word' id='word_1_222' title='bbox 340 4549 378 4603; x_wconf 89' lang='lat' dir='ltr'><strong>IV</strong></span> <span class='ocrx_word' id='word_1_223' title='bbox 388 4553 439 4602; x_wconf 75' lang='lat'><strong>657</strong></span> <span class='ocrx_word' id='word_1_224' title='bbox 460 4545 528 4602; x_wconf 75' lang='lat' dir='ltr'><strong>situ.</strong></span> <span class='ocrx_word' id='word_1_225' title='bbox 539 4546 578 4600; x_wconf 89' lang='lat' dir='ltr'><strong>III</strong></span> <span class='ocrx_word' id='word_1_226' title='bbox 589 4551 613 4601; x_wconf 83' lang='lat'><strong>3.</strong></span> <span class='ocrx_word' id='word_1_227' title='bbox 624 4552 658 4600; x_wconf 75' lang='lat' dir='ltr'><strong>ab</strong></span> <span class='ocrx_word' id='word_1_228' title='bbox 671 4579 704 4586; x_wconf 91' lang='lat'>—</span> <span class='ocrx_word' id='word_1_229' title='bbox 719 4553 753 4600; x_wconf 72' lang='lat'><strong>25</strong></span> <span class='ocrx_word' id='word_1_230' title='bbox 773 4549 842 4602; x_wconf 86' lang='lat' dir='ltr'><strong>Stet.</strong></span> <span class='ocrx_word' id='word_1_231' title='bbox 854 4548 941 4604; x_wconf 88' lang='lat' dir='ltr'><strong>Theb.</strong></span> <span class='ocrx_word' id='word_1_232' title='bbox 953 4547 992 4601; x_wconf 87' lang='lat'><strong>111</strong></span> <span class='ocrx_word' id='word_1_233' title='bbox 1002 4554 1054 4602; x_wconf 76' lang='lat'><strong>408</strong></span> <span class='ocrx_word' id='word_1_234' title='bbox 1065 4547 1220 4618; x_wconf 83' lang='lat' dir='ltr'><strong>solpronus</strong></span> <span class='ocrx_word' id='word_1_235' title='bbox 1239 4581 1272 4589; x_wconf 95' lang='lat'><em>-</em></span> <span class='ocrx_word' id='word_1_236' title='bbox 1287 4553 1319 4601; x_wconf 77' lang='grc'><strong>27</strong></span> <span class='ocrx_word' id='word_1_237' title='bbox 1335 4547 1463 4602; x_wconf 82' lang='lat' dir='ltr'><strong>cadentis</strong></span> <span class='ocrx_word' id='word_1_238' title='bbox 1478 4551 1513 4616; x_wconf 73' lang='lat' dir='ltr'><strong>cf.</strong></span> <span class='ocrx_word' id='word_1_239' title='bbox 1528 4567 1619 4605; x_wconf 85' lang='lat' dir='ltr'><strong>comm.</strong></span> <span class='ocrx_word' id='word_1_240' title='bbox 1634 4551 1673 4605; x_wconf 79' lang='lat' dir='ltr'><strong>ud</strong></span> 
     </span>
     <span class='ocr_line' id='line_1_40' title="bbox 340 4635 1672 4708; baseline 0.001 -18"><span class='ocrx_word' id='word_1_241' title='bbox 340 4638 365 4691; x_wconf 93' lang='lat' dir='ltr'><strong>II</strong></span> <span class='ocrx_word' id='word_1_242' title='bbox 379 4643 404 4691; x_wconf 78' lang='lat'><strong>2.</strong></span> <span class='ocrx_word' id='word_1_243' title='bbox 418 4643 453 4691; x_wconf 86' lang='grc'><strong>46</strong></span> <span class='ocrx_word' id='word_1_244' title='bbox 474 4669 505 4678; x_wconf 98' lang='grc'>-</span> <span class='ocrx_word' id='word_1_245' title='bbox 526 4635 586 4690; x_wconf 86' lang='lat' dir='ltr'><strong>lun.</strong></span> <span class='ocrx_word' id='word_1_246' title='bbox 601 4635 665 4690; x_wconf 89' lang='lat' dir='ltr'><strong>XIV</strong></span> <span class='ocrx_word' id='word_1_247' title='bbox 679 4642 731 4690; x_wconf 78' lang='lat'><strong>280</strong></span> <span class='ocrx_word' id='word_1_248' title='bbox 750 4636 887 4708; x_wconf 81' lang='lat' dir='ltr'><strong>Herculeo</strong></span> <span class='ocrx_word' id='word_1_249' title='bbox 907 4637 1072 4692; x_wconf 89' lang='lat' dir='ltr'><strong>stridentem</strong></span> <span class='ocrx_word' id='word_1_250' title='bbox 1089 4637 1202 4707; x_wconf 74' lang='lat' dir='ltr'><strong>gurgite</strong></span> <span class='ocrx_word' id='word_1_251' title='bbox 1225 4637 1319 4692; x_wconf 82' lang='lat' dir='ltr'><strong>Solem</strong></span> <span class='ocrx_word' id='word_1_252' title='bbox 1338 4639 1441 4692; x_wconf 79' lang='lat' dir='ltr'><strong>Aaron.</strong></span> <span class='ocrx_word' id='word_1_253' title='bbox 1452 4637 1672 4708; x_wconf 74' lang='lat' dir='ltr'><strong>Epistxxlna</strong></span> 
     </span>
     <span class='ocr_line' id='line_1_41' title="bbox 340 4724 1673 4796; baseline 0.001 -15"><span class='ocrx_word' id='word_1_254' title='bbox 340 4727 534 4794; x_wconf 81' lang='lat' dir='ltr'><strong>stridebatque</strong></span> <span class='ocrx_word' id='word_1_255' title='bbox 553 4725 624 4779; x_wconf 83' lang='lat' dir='ltr'><strong>freto</strong></span> <span class='ocrx_word' id='word_1_256' title='bbox 644 4724 728 4780; x_wconf 83' lang='lat' dir='ltr'><strong>Titan</strong></span> <span class='ocrx_word' id='word_1_257' title='bbox 747 4726 804 4780; x_wconf 85' lang='lat' dir='ltr'><strong>iam</strong></span> <span class='ocrx_word' id='word_1_258' title='bbox 823 4726 916 4796; x_wconf 83' lang='lat' dir='ltr'><strong>segnis</strong></span> <span class='ocrx_word' id='word_1_259' title='bbox 936 4726 1040 4781; x_wconf 89' lang='lat' dir='ltr'><strong>Hibero</strong></span> <span class='ocrx_word' id='word_1_260' title='bbox 1064 4758 1098 4766; x_wconf 95' lang='lat'>—</span> <span class='ocrx_word' id='word_1_261' title='bbox 1121 4732 1156 4780; x_wconf 83' lang='lat'><strong>38</strong></span> <span class='ocrx_word' id='word_1_262' title='bbox 1175 4727 1243 4783; x_wconf 86' lang='lat' dir='ltr'><strong>Silo.</strong></span> <span class='ocrx_word' id='word_1_263' title='bbox 1258 4727 1283 4780; x_wconf 89' lang='lat' dir='ltr'>V</span> <span class='ocrx_word' id='word_1_264' title='bbox 1298 4733 1322 4782; x_wconf 83' lang='lat'><strong>6.</strong></span> <span class='ocrx_word' id='word_1_265' title='bbox 1333 4733 1369 4780; x_wconf 79' lang='lat'><strong>84</strong></span> <span class='ocrx_word' id='word_1_266' title='bbox 1386 4726 1454 4780; x_wconf 80' lang='lat' dir='ltr'><strong>Aah.</strong></span> <span class='ocrx_word' id='word_1_267' title='bbox 1470 4727 1482 4779; x_wconf 92' lang='lat' dir='ltr'>I</span> <span class='ocrx_word' id='word_1_268' title='bbox 1497 4732 1548 4781; x_wconf 76' lang='grc'><strong>767</strong></span> <span class='ocrx_word' id='word_1_269' title='bbox 1567 4727 1673 4782; x_wconf 82' lang='lat' dir='ltr'><strong>blando</strong></span> 
     </span>
     <span class='ocr_line' id='line_1_42' title="bbox 342 4813 1673 4887; baseline 0 -16"><span class='ocrx_word' id='word_1_270' title='bbox 342 4860 368 4871; x_wconf 95' lang='lat'><strong>..</strong></span> <span class='ocrx_word' id='word_1_271' title='bbox 386 4861 391 4870; x_wconf 92' lang='lat'><strong>.</strong></span> <span class='ocrx_word' id='word_1_272' title='bbox 411 4815 473 4870; x_wconf 84' lang='lat' dir='ltr'><strong>sinn</strong></span> <span class='ocrx_word' id='word_1_273' title='bbox 492 4847 526 4855; x_wconf 92' lang='lat'>-</span> <span class='ocrx_word' id='word_1_274' title='bbox 550 4815 644 4870; x_wconf 86' lang='lat' dir='ltr'><strong>Sidon.</strong></span> <span class='ocrx_word' id='word_1_275' title='bbox 664 4813 753 4870; x_wconf 83' lang='lat' dir='ltr'><strong>Carra.</strong></span> <span class='ocrx_word' id='word_1_276' title='bbox 769 4815 858 4870; x_wconf 86' lang='lat' dir='ltr'>XXIII</span> <span class='ocrx_word' id='word_1_277' title='bbox 873 4820 925 4870; x_wconf 76' lang='lat'><strong>204</strong></span> <span class='ocrx_word' id='word_1_278' title='bbox 943 4817 1001 4870; x_wconf 90' lang='lat' dir='ltr'><strong>iam</strong></span> <span class='ocrx_word' id='word_1_279' title='bbox 1019 4816 1110 4886; x_wconf 89' lang='lat' dir='ltr'><strong>primo</strong></span> <span class='ocrx_word' id='word_1_280' title='bbox 1128 4818 1225 4870; x_wconf 87' lang='lat' dir='ltr'><strong>tenero</strong></span> <span class='ocrx_word' id='word_1_281' title='bbox 1244 4816 1382 4870; x_wconf 87' lang='lat' dir='ltr'><strong>calentem</strong></span> <span class='ocrx_word' id='word_1_282' title='bbox 1402 4815 1438 4870; x_wconf 86' lang='lat' dir='ltr'><strong>ab</strong></span> <span class='ocrx_word' id='word_1_283' title='bbox 1457 4819 1521 4871; x_wconf 86' lang='lat' dir='ltr'><strong>ortu</strong></span> <span class='ocrx_word' id='word_1_284' title='bbox 1539 4833 1673 4887; x_wconf 83' lang='lat' dir='ltr'><strong>excepere</strong></span> 
     </span>
     <span class='ocr_line' id='line_1_43' title="bbox 340 4905 947 4973; baseline -0.003 -13"><span class='ocrx_word' id='word_1_285' title='bbox 340 4905 403 4960; x_wconf 88' lang='lat' dir='ltr'><strong>sinu</strong></span> <span class='ocrx_word' id='word_1_286' title='bbox 420 4921 522 4960; x_wconf 88' lang='lat' dir='ltr'><strong>nouem</strong></span> <span class='ocrx_word' id='word_1_287' title='bbox 537 4920 645 4960; x_wconf 81' lang='lat' dir='ltr'><strong>sorores</strong></span> <span class='ocrx_word' id='word_1_288' title='bbox 663 4907 697 4973; x_wconf 78' lang='lat' dir='ltr'><strong>cf.</strong></span> <span class='ocrx_word' id='word_1_289' title='bbox 716 4907 755 4961; x_wconf 84' lang='lat' dir='ltr'><strong>od</strong></span> <span class='ocrx_word' id='word_1_290' title='bbox 772 4905 784 4958; x_wconf 91' lang='lat'>1</span> <span class='ocrx_word' id='word_1_291' title='bbox 803 4911 828 4962; x_wconf 75' lang='lat'><strong>2.</strong></span> <span class='ocrx_word' id='word_1_292' title='bbox 844 4911 894 4961; x_wconf 77' lang='lat'><strong>109</strong></span> <span class='ocrx_word' id='word_1_293' title='bbox 914 4937 947 4946; x_wconf 83' lang='lat'><em>-</em></span> 
     </span>
    </p>
   </div>
   <div class='ocr_carea' id='block_1_7' title="bbox 0 0 1892 5567">
    <p class='ocr_par' dir='ltr' id='par_1_7' title="bbox 0 0 1892 5567">
     <span class='ocr_line' id='line_1_44' title="bbox 0 0 1892 5567; baseline 0 6"><span class='ocrx_word' id='word_1_294' title='bbox 0 0 1892 5567; x_wconf 95' lang='lat' dir='ltr'><strong> </strong></span> 
     </span>
    </p>
   </div>
  </div>
 </body>
</html>
