3775 5567
830 437 861 492 P.
880 436 1016 494 PAPINII
1034 435 1153 493 STATu

547 601 743 687 brachiaque
762 609 791 670 et
807 625 983 688 numquam
1003 602 1124 668 domini
1144 603 1214 670 sine
1232 604 1375 688 pondere
1394 603 1516 670 ceruix!

545 732 565 775 o
588 708 646 774 ubi
670 714 825 776 uenturae
849 734 923 796 spes
945 733 1011 776 non
1034 711 1213 798 longinqua
1235 711 1387 796 iuuentae

545 821 642 903 atque
666 819 760 905 genis
784 823 915 904 optatus
939 819 1043 884 honos
1066 818 1234 904 iurataque
1257 821 1397 886 multum

545 925 649 990 barba
671 924 756 993 tibi?
788 932 902 993 cuncta
925 927 959 992 in
982 927 1105 992 cineres
1128 928 1237 1014 grauis
1261 929 1371 995 intulit
1393 929 1472 995 hora

544 1031 736 1118 hostilisque
761 1033 836 1119 dies,
859 1034 956 1100 nobis
978 1034 1163 1101 meminisse
1186 1035 1342 1102 relictum.

547 1139 619 1225 quis
643 1145 698 1206 tua
722 1141 891 1226 colloquiis
915 1141 1028 1207 hilaris
1051 1142 1206 1209 mulcebit
1231 1144 1346 1210 amatis

545 1248 699 1333 pectora?
733 1249 807 1333 quis
829 1271 920 1315 curas
943 1249 1125 1334 mentisque
1149 1273 1265 1316 arcana
1286 1253 1451 1318 remittet?

547 1377 713 1420 accensum
738 1356 809 1441 quis
833 1357 899 1422 bile
923 1358 991 1422 fera
1013 1357 1208 1443 famulisque
1230 1364 1409 1426 tumentem

545 1461 645 1527 leniet
667 1463 856 1548 ardentique
879 1465 913 1529 in
936 1487 971 1530 se
994 1465 1144 1531 deflectet
1166 1466 1208 1531 ab
1232 1466 1302 1532 ira?

546 1569 692 1655 inceptas
716 1569 789 1656 quis
811 1573 852 1637 ab
878 1595 933 1637 ore
957 1572 1057 1658 dapes
1079 1572 1245 1659 libataque
1268 1574 1345 1639 uina
1388 1615 1391 1618 -

545 1678 670 1744 auferet
693 1682 726 1744 et
748 1677 833 1744 dulci
857 1680 1007 1745 turbabit
1029 1686 1145 1746 cuncta
1167 1681 1302 1766 rapina?

547 1785 619 1871 quis
642 1786 821 1852 matutinos
842 1788 1016 1873 abrumpet
1039 1811 1202 1854 murmure
1225 1811 1355 1854 somnos

547 1891 720 1978 impositus
742 1894 853 1960 stratis
876 1894 1050 1980 abitusque
1073 1895 1255 1960 morabitur
1276 1897 1356 1962 artis

547 1999 686 2066 nexibus
710 2006 807 2086 atque
830 2002 920 2086 ipsos
943 2001 1111 2067 reuocabit
1133 2003 1174 2067 ad
1197 2003 1306 2068 oscula
1328 2007 1461 2090 postes?

547 2105 665 2173 obuius
688 2107 823 2173 intranti
847 2131 958 2174 rursus
982 2109 1054 2195 quis
1077 2109 1112 2174 in
1135 2132 1192 2175 ora
1213 2133 1390 2195 manusque

547 2214 693 2300 prosiliet
715 2215 935 2301 breuibusque
959 2216 1110 2282 humeros
1133 2217 1346 2283 circumdabit
1368 2218 1475 2284 ulnis?

546 2321 636 2389 muta
659 2323 782 2410 domus,
805 2323 917 2408 fateor,
940 2324 1140 2409 desolatique
1164 2329 1298 2409 penates

547 2435 579 2495 et
602 2431 685 2496 situs
708 2431 742 2496 in
765 2431 917 2496 thalamis
940 2435 974 2496 et
997 2436 1120 2497 maesta
1142 2432 1271 2497 silentia
1293 2433 1421 2498 mensis.

637 2537 713 2622 quid
736 2538 864 2622 mirum,
890 2543 981 2605 tanto
1005 2539 1032 2604 si
1056 2543 1089 2604 te
1112 2540 1187 2624 pius
1209 2540 1293 2605 altor
1315 2540 1454 2606 honorat

547 2645 682 2711 funere?
713 2650 749 2710 tu
773 2645 903 2712 domino
927 2647 1054 2732 requies
1077 2650 1256 2732 portusque
1280 2652 1436 2733 senectae,

547 2757 582 2818 tu
606 2752 702 2819 modo
726 2753 868 2840 deliciae,
891 2753 993 2820 dulcis
1016 2754 1112 2820 modo
1135 2760 1264 2840 pectore
1288 2777 1391 2822 curae.

546 2883 612 2926 non
635 2865 668 2926 te
691 2861 879 2927 barbaricae
902 2863 1055 2927 uersabat
1077 2863 1175 2928 turbo
1198 2867 1339 2928 catastae

547 2989 606 3032 nec
628 2967 751 3034 mixtus
772 2968 900 3034 Phariis
924 2969 1048 3035 uenalis
1070 2969 1234 3035 mercibus
1256 2970 1363 3036 infans

546 3076 808 3162 compositosque
832 3076 914 3142 sales
938 3077 1157 3162 meditataque
1179 3077 1281 3142 uerba
1303 3078 1431 3144 locutus

547 3183 701 3268 quaesisti
724 3183 865 3250 lasciuus
889 3206 980 3251 erum
1002 3184 1157 3269 tardeque
1182 3185 1311 3270 parasti.

547 3290 600 3356 hic
619 3291 743 3377 domus,
770 3291 845 3357 hinc
864 3296 955 3357 ortus
974 3291 1160 3376 dominique
1182 3293 1358 3376 penatibus
1377 3292 1455 3359 olim

548 3420 639 3464 carus
662 3403 798 3484 uterque
822 3421 937 3484 parcns
960 3403 1058 3483 atque
1081 3398 1116 3462 in
1139 3402 1195 3463 tua
1217 3398 1336 3484 gandia
1357 3399 1451 3484 liber,

547 3527 587 3570 ne
611 3527 780 3591 quererere
803 3528 914 3594 genus.
959 3510 1087 3590 raptum
1112 3505 1167 3570 sed
1190 3505 1340 3590 protinus
1363 3507 1436 3572 aluo

549 3613 682 3678 sustulit
706 3614 854 3679 exultans
877 3637 914 3679 ac
936 3614 1042 3700 prirna
1064 3613 1171 3678 lucida
1194 3635 1273 3678 uoce

547 3725 634 3786 astra
657 3721 852 3788 salutantem
875 3721 1025 3787 dominus
1047 3720 1111 3787 sibi
1135 3725 1242 3787 mente
1266 3721 1386 3789 dicauit
1632 3740 1668 3789 eo

336 3867 548 3876 ---—.—---.

425 3958 457 4008 61
476 3952 624 4027 brachiaq3
641 3971 798 4024 nunquam3
817 3957 919 4009 corn&
948 3984 979 3993 -—
1005 3957 1038 4007 66
1058 3950 1143 4022 ferat;
1162 3970 1230 4010 corr.
1246 3953 1433 4010 Marklaados
1451 3985 1484 3994 -
1508 3953 1669 4022 timentem

335 4059 434 4098 corae
461 4041 618 4099 timendum
635 4049 652 4099 ς
671 4076 706 4084 -
726 4048 759 4098 66
773 4042 957 4112 habitusque3
975 4059 1044 4098 corr.
1061 4047 1078 4096 ς
1102 4075 1131 4083 -
1151 4049 1186 4096 64
1205 4041 1299 4112 adque
1317 4041 1392 4114 ipsos
1412 4044 1571 4099 Potitiaaus
1596 4059 1669 4112 aque

336 4131 398 4203 ipso
416 4135 531 4203 postes
555 4165 587 4174 -
616 4139 650 4189 69
669 4131 733 4205 plus
752 4131 836 4203 alter3
859 4149 958 4188 corae
982 4163 1018 4172 -
1047 4137 1080 4186 77
1099 4129 1182 4186 turbo
1200 4133 1284 4188 ctiam
1297 4131 1339 4185 Δ*
1361 4165 1395 4173 -
1421 4137 1454 4186 76
1472 4131 1538 4188 hinc
1556 4132 1669 4199 domus3

335 4239 404 4278 corr.
421 4223 565 4279 Krotniue
583 4255 618 4264 ·—
642 4227 675 4278 78
694 4224 806 4293 raptum
825 4225 854 4276 te
874 4228 891 4277 ς
910 4221 963 4277 edd
990 4253 1023 4261 -

336 4361 549 4370 —————..

428 4461 462 4510 tt
475 4456 579 4511 Ausou.
590 4455 685 4528 Epigr.
700 4456 800 4511 anr
814 4459 851 4526 (p.
861 4462 911 4511 366
922 4454 956 4526 P)
975 4475 1038 4512 cum
1055 4459 1206 4529 properata
1225 4456 1286 4512 dies
1300 4455 1421 4511 abstulit
1437 4473 1520 4511 omne
1538 4455 1624 4511 decus
1635 4487 1668 4498 -

337 4545 666 4602 tssllor.Carm.113.3
690 4562 743 4601 uae
761 4563 854 4601 meum
873 4545 984 4601 feruens
1004 4546 1114 4602 difficili
1132 4545 1190 4601 bile
1208 4548 1300 4602 tumet
1317 4546 1394 4601 iecur
1412 4579 1445 4588 —
1474 4552 1508 4601 67
1519 4564 1560 4616 sq.
1579 4545 1665 4602 Theb.

336 4637 375 4692 IX
393 4642 445 4692 686
467 4638 521 4692 heu
539 4635 656 4690 ubinam
674 4634 724 4690 ille
743 4635 873 4705 frequens
892 4636 976 4692 modo
994 4635 1071 4692 circa
1088 4634 1188 4690 limina
1205 4635 1305 4692 matria
1324 4635 1448 4691 ambitus
1471 4667 1506 4676 —
1532 4635 1616 4707 Verg.
1635 4634 1667 4692 G.

336 4727 375 4782 111
395 4731 447 4782 660
469 4743 581 4782 somnos
603 4725 749 4797 abrumpit
776 4757 809 4767 -
838 4731 871 4781 67
890 4727 995 4781 Auson.
1014 4726 1125 4781 Parent.
1140 4726 1178 4780 lx
1193 4732 1226 4780 16
1244 4727 1281 4797 (p.
1296 4731 1332 4781 85
1341 4725 1375 4796 P)
1397 4724 1499 4780 unlnua
1522 4723 1576 4779 alit
1593 4725 1669 4793 qnod

337 4819 417 4870 muta
436 4816 535 4871 domus
554 4815 620 4871 silet
638 4817 668 4870 et
686 4817 763 4870 torus
782 4815 859 4887 alget
874 4847 906 4858 -
927 4822 962 4870 72
976 4815 1037 4870 Tib.
1053 4815 1113 4870 113.
1125 4821 1160 4871 60
1177 4815 1301 4871 barbara
1315 4860 1321 4872 .
1333 4859 1339 4870 .
1351 4859 1358 4870 .
1372 4817 1484 4870 cataste
1501 4816 1536 4884 es.
1551 4812 1620 4869 Sila.
1630 4813 1670 4867 111

338 4910 362 4960 6.
374 4911 408 4960 66
418 4923 477 4975 sqq.
497 4906 522 4961 V
536 4913 561 4961 6.
573 4911 606 4960 66
617 4923 677 4975 sqq.
696 4937 731 4946 -
751 4910 785 4959 74
804 4905 872 4961 Silu.
888 4905 913 4960 II
927 4911 979 4959 tt
998 4904 1192 4975 meditataque
1210 4906 1298 4961 uerba
1320 4938 1348 4945 -
