3775 5567
808 451 838 506 P.
857 450 994 507 PAPINII
1013 450 1131 507 sanun

517 614 654 702 agmins.
699 614 849 681 Romulei
873 614 979 700 qualis
1002 638 1061 701 per
1084 614 1196 703 iugera
1219 616 1310 703 circi,

455 760 464 772 ·
516 743 589 787 cum
612 721 749 806 pulcher
771 721 858 807 uisu,
880 721 986 788 titulis
1009 744 1185 810 generosus
1208 723 1306 789 auitis

518 832 710 914 expectatur
733 851 848 916 equus,
871 829 962 896 cuius
986 830 1025 895 de
1047 834 1218 897 stemmate
1241 832 1340 920 longo

518 936 597 1002 felix
621 936 794 1003 demeritos
817 937 918 1003 habet
941 936 1120 1005 admissura
1142 944 1306 1026 parentes,
1325 977 1367 988 -

518 1043 611 1109 illum
629 1066 741 1109 omnes
759 1048 879 1110 acuunt
897 1045 1045 1133 plausus,
1064 1044 1155 1111 illum
1174 1045 1245 1131 ipse
1264 1046 1428 1111 uolantem

518 1150 628 1237 puluis
650 1156 685 1217 et
706 1151 858 1217 incuruae
881 1152 1024 1239 gaudent
1046 1174 1220 1240 agnoscere
1243 1157 1360 1219 metae:

518 1258 564 1324 sic
587 1262 634 1343 te,
656 1259 740 1324 clare
764 1281 858 1346 puer,
881 1258 1029 1345 genitum
1052 1258 1116 1325 sibi
1140 1259 1237 1326 Curia
1260 1260 1360 1327 sensit

518 1366 687 1452 primaque
710 1366 847 1452 patricia
868 1366 984 1432 clausit
1007 1366 1146 1454 uestigia
1168 1367 1258 1454 luna,

519 1496 594 1540 mox
613 1473 728 1559 Tyrios
751 1496 791 1539 ex
814 1496 903 1540 more
921 1474 1013 1540 sinus
1031 1474 1236 1560 tunicamque
1259 1479 1428 1561 potentem

519 1603 681 1669 agnouere
704 1581 816 1647 umeri.
852 1582 909 1647 sed
927 1581 1014 1647 enim
1032 1581 1095 1647 tibi
1114 1604 1232 1670 magne
1249 1582 1387 1669 parabat

519 1689 560 1753 ad
581 1688 697 1756 titulos
721 1688 871 1774 exempla
893 1693 1000 1774 pater,
1028 1689 1151 1775 quippe
1174 1690 1230 1756 ille
1253 1690 1419 1756 iuuentam

519 1796 671 1881 protinus
693 1796 877 1883 ingrediens
899 1797 1124 1882 pharetratum
1148 1797 1268 1863 inuasit
1290 1797 1420 1865 Araxen

520 1902 659 1991 belliger
681 1903 917 1989 indocilemque
940 1904 1009 1970 fero
1032 1904 1154 1971 seruire
1176 1904 1299 1972 Neroni

520 2011 716 2077 Armeniam.
762 2010 858 2098 rigidi
881 2034 1041 2077 summam
1063 2012 1221 2079 Mauortis
1244 2013 1363 2100 agebat

521 2117 677 2205 Corbulo,
699 2118 755 2183 sed
779 2117 930 2183 comitem
954 2118 1031 2184 belli
1055 2120 1241 2205 sociumque
1263 2121 1414 2188 laborum

521 2225 577 2290 ille
602 2247 731 2311 quoque
755 2225 895 2313 egregiis
917 2225 1057 2291 multum
1079 2225 1215 2293 miratus
1238 2227 1271 2293 in
1295 2229 1394 2295 armis

521 2333 680 2398 Bolanum
703 2336 800 2417 atque
823 2332 871 2397 illi
895 2355 1044 2399 curarum
1067 2334 1245 2419 asperrima
1268 2340 1379 2401 suetus

521 2440 649 2505 credere
671 2440 851 2526 partirique
873 2445 996 2525 metus,
1019 2440 1104 2527 quod
1127 2445 1257 2526 tempus
1280 2442 1418 2509 amicum

521 2548 704 2633 fraudibus,
727 2553 838 2613 exerto
862 2570 1020 2634 quaenam
1042 2548 1128 2614 bona
1150 2553 1298 2633 tempora
1321 2550 1422 2637 bello,

524 2677 605 2742 quae
628 2660 780 2741 suspecta
802 2655 881 2721 fides
903 2660 961 2721 aut
984 2678 1065 2741 quae
1088 2655 1167 2743 fuga
1189 2678 1266 2721 uera
1289 2656 1404 2723 ferocis

521 2763 682 2849 Armenii3
712 2763 854 2829 Bolanus
875 2762 939 2829 iter
961 2785 1134 2848 praenosse
1157 2763 1349 2847 timendum,

522 2869 666 2936 Bolanus
687 2871 769 2937 tutis
792 2870 869 2958 iuga
891 2893 1044 2956 quaerere
1067 2870 1234 2937 commoda
1257 2872 1383 2959 castris,

523 2977 631 3043 metiri
653 2977 796 3045 Bolanus
818 3000 927 3065 agros,
951 2978 1076 3064 aperire
1100 2978 1258 3065 malignas

525 3090 707 3151 torrentum
724 3108 957 3171 nemorumque
975 3108 1082 3151 moras
1101 3090 1289 3171 tantamne
1307 3088 1438 3153 uerendi

524 3198 666 3259 mentem
688 3193 822 3279 implere
845 3192 935 3259 ducis
958 3192 1118 3277 iussisque
1141 3192 1329 3279 ingentibus
1352 3216 1435 3261 unus

524 3302 679 3366 sufficere.
725 3300 798 3386 ipsa
820 3300 927 3365 uirum
950 3304 1046 3366 norat
1067 3299 1132 3365 iam
1157 3300 1296 3365 barbare
1319 3301 1428 3387 tellus,

524 3408 579 3473 ille
602 3408 760 3474 secundus
782 3429 867 3493 apex
890 3407 1050 3473 bellorum
1074 3411 1107 3472 et
1130 3405 1279 3492 proxima
1302 3408 1409 3474 cassis.

524 3514 571 3580 sic
589 3515 736 3602 Phryges
754 3513 900 3601 attoniti,
921 3535 1117 3599 quamquam
1135 3512 1297 3580 Nemeaea
1314 3514 1463 3582 uiderent

524 3644 614 3687 arma
636 3620 877 3706 Cleonaeusque
899 3620 984 3687 acies
1007 3620 1188 3705 impelleret
1210 3644 1301 3687 arcus

526 3732 692 3816 pugnante
716 3728 842 3812 Alcide,
865 3732 975 3793 tamen
997 3732 1031 3793 et
1053 3726 1226 3794 Telamona
1249 3728 1418 3796 timebant.

526 3836 625 3921 disce,
644 3860 739 3922 puer,
753 3874 795 3883 -
814 3857 873 3901 nec
892 3834 978 3901 enim
997 3838 1130 3901 externo
1149 3836 1309 3901 monitore
1328 3838 1487 3923 petendus

526 3944 659 4012 uirtutis
681 3943 745 4009 tibi
768 3943 904 4029 pulcher
925 3965 1029 4009 amor:
1066 3947 1204 4031 cognata
1226 3942 1389 4011 ministret

402 4128 437 4176 22
465 4120 529 4176 uisu
551 4124 581 4177 et
598 4119 691 4175 titulis
709 4121 844 4177 Heinius
870 4152 906 4161 -
933 4126 968 4175 24
992 4118 1123 4175 emeritos
1142 4120 1292 4177 assarum
1320 4153 1354 4162 -
1382 4128 1416 4177 38
1441 4124 1550 4193 exorto;
1578 4142 1647 4181 corr.

314 4213 461 4267 Ltuincius
479 4244 513 4253 -
532 4215 567 4266 40
586 4212 729 4282 suscepta3
747 4228 816 4267 corr.
836 4210 996 4265 Politianus
1014 4240 1049 4250 -
1067 4216 1102 4264 43
1121 4208 1223 4263 metari
1241 4228 1255 4263 o
1273 4241 1308 4250 —
1326 4216 1361 4265 44
1380 4213 1533 4265 tetrorum
1552 4229 1649 4268 nemo-

314 4319 443 4371 rumqu03
471 4318 540 4357 corr.
560 4300 695 4356 Heinsius
722 4302 766 4355 tot
788 4314 905 4369 ucprnm
924 4316 938 4353 o
962 4329 995 4340 -
1018 4304 1054 4354 48
1077 4314 1177 4355 nemea
1199 4300 1291 4369 (etiam
1309 4300 1370 4369 A‘);
1397 4318 1466 4357 cor-r.
1490 4302 1649 4358 Politionus

314 4422 348 4431 -
368 4396 401 4445 52
419 4388 579 4445 ministrat?
598 4420 632 4431 -
653 4451 656 4455 A

403 4576 437 4623 22
461 4570 496 4637 es.
515 4570 553 4625 od
568 4568 607 4622 IV
620 4577 646 4624 4.
657 4574 691 4623 ’16
709 4568 749 4623 Ν
762 4576 832 4624 813
851 4568 907 4623 sibi
925 4568 1036 4639 genitos
1054 4569 1190 4639 putat-
1209 4572 1244 4621 88
1267 4566 1370 4622 Lucan.
1382 4567 1447 4621 VIII
1461 4574 1513 4623 262
1532 4570 1648 4626 comites

314 4658 440 4728 bellique
453 4659 594 4729 fugaeque
608 4690 642 4699 —
656 4663 692 4713 38
705 4659 788 4729 Verg.
803 4660 836 4714 Α.
850 4658 889 4712 III
903 4663 955 4713 822
971 4658 1083 4728 ancum
1097 4654 1198 4729 partiri
1212 4672 1293 4711 curas
1302 4688 1336 4697 -
1350 4662 1386 4711 48
1400 4656 1482 4729 Verg.
1493 4659 1526 4714 A.
1535 4658 1588 4715 VH
1598 4666 1647 4714 241

314 4748 454 4819 iussisque
481 4748 644 4820 ingentibus
667 4750 701 4817 cs.
716 4748 741 4802 V
756 4754 843 4803 2112
861 4780 897 4789 -
914 4754 949 4803 47
974 4747 1025 4802 Ou.
1040 4744 1122 4800 Trist.
1138 4745 1176 4800 IV
1190 4752 1215 4799 2.
1230 4750 1264 4799 28
1293 4745 1435 4817 proximus
1458 4746 1507 4803 ille
1531 4748 1596 4803 duci
1615 4780 1648 4790 -

314 4845 349 4893 tl
364 4838 447 4909 Verg.
458 4838 491 4895 Α.
501 4838 553 4893 XII
562 4842 614 4893 488
633 4837 710 4893 disce
723 4856 794 4909 puer
807 4838 944 4894 uirtutem
957 4855 991 4893 ex
1005 4852 1050 4891 me
1063 4850 1216 4905 uerumque
1230 4833 1365 4906 laborem,
1379 4835 1521 4891 Iomanem
1536 4853 1569 4892 ex
1584 4836 1649 4892 aliis

315 4928 438 4984 Itrmold.
453 4927 532 4999 Eleg.
550 4928 589 4983 ad
606 4927 697 5002 Pipin.
716 4928 743 4983 11
758 4934 809 4984 122
827 4945 884 4984 non
902 4927 1029 4997 aliunde,
1048 4927 1127 5000 peto,
1146 4924 1175 4981 in
1194 4922 1321 4997 gemtore
1339 4924 1469 4999 exempla
1486 4926 1596 4998 require
1615 4959 1648 4969 —
