3775 5567
740 451 927 507 SHNARVM
945 452 997 505 Va

414 614 532 680 inferni
556 636 628 681 cnm
651 614 746 680 laude
769 616 830 681 laci
853 654 897 663 —
920 614 977 680 sed
1000 612 1140 680 carmine
1163 614 1284 701 plango

413 722 534 807 Pieri03
555 744 646 788 sume
668 729 697 787 et
719 722 861 809 gemitus
884 726 918 787 et
939 722 1076 788 uulnera
1097 720 1166 787 nati

415 835 448 895 et
470 829 632 917 lacrimas,
654 830 718 895 rari
742 851 822 915 quas
844 851 998 915 umquam
1017 828 1160 895 habuere
1179 834 1338 914 parentes.

413 942 511 1023 atquc
533 937 658 1003 utinam
681 937 813 1005 fortuna
834 938 931 1023 mihi,
954 936 1028 1003 dare
1051 936 1203 1003 manibus
1225 958 1311 1022 arae,

413 1068 474 1130 par
495 1044 629 1131 templis
651 1067 749 1134 opus,
772 1045 957 1131 aeriamque
981 1044 1115 1110 educere
1138 1044 1256 1109 molem

416 1150 592 1237 Cyclopum
615 1153 767 1238 scopulos
789 1152 876 1219 oltra
898 1156 996 1238 atque
1019 1152 1151 1217 audacia
1173 1173 1251 1217 saxa

412 1258 620 1344 Pyramidum
639 1265 673 1326 et
689 1283 809 1349 magno
827 1261 990 1326 tumulum
1008 1264 1196 1345 praetexere
1214 1258 1299 1325 luco!

413 1367 480 1433 illic
503 1371 537 1432 et
558 1366 659 1433 Siculi
682 1390 884 1454 superassem
908 1367 993 1433 dona
1015 1366 1155 1453 sepulcri

413 1478 447 1539 et
468 1474 607 1541 Nemees
630 1474 739 1541 lucum
762 1480 796 1541 et
817 1473 950 1560 Pelopis
973 1473 1142 1541 sollemnia
1164 1473 1283 1559 trunci3

413 1582 481 1647 illic
498 1580 640 1657 ⁴Oebalio
662 1605 729 1648 non
750 1582 888 1647 finderet
910 1604 986 1647 aera
1007 1582 1095 1649 disco

413 1689 583 1755 Graiorum
605 1689 656 1756 uis
677 1690 765 1756 nuda
786 1689 907 1777 rrirum,
928 1711 996 1775 non
1018 1710 1096 1755 arna
1118 1688 1240 1777 rigaret

413 1797 511 1863 sudor
528 1818 646 1882 equum
665 1801 722 1863 aut
739 1798 829 1883 putri
848 1797 991 1863 sonitum
1011 1796 1102 1862 daret
1119 1796 1242 1883 ungula
1260 1796 1360 1882 fossa,

413 1904 469 1969 sed
491 1903 617 1970 Phoebi
640 1904 778 1990 simplex
801 1904 918 1971 chorus
941 1908 975 1969 et
997 1903 1181 1971 frondentia
1203 1908 1315 1969 uatum

411 2012 554 2096 praemia
575 2012 720 2098 laudato,
743 2012 884 2100 genitor,
907 2012 971 2077 tibi
994 2010 1055 2077 rite
1078 2011 1222 2098 ligarem.

412 2118 483 2203 ipse
500 2118 634 2185 madens
651 2119 767 2206 oculis,
785 2120 974 2185 umbrarum
993 2118 1182 2204 animaeque
1201 2118 1360 2207 sacerdos,

411 2226 630 2310 praecinerem
652 2228 825 2314 gemitum,
847 2226 899 2292 cni
923 2231 957 2291 te
975 2248 1034 2293 nco
1052 2224 1212 2291 Cerberus
1230 2226 1318 2291 omni

411 2356 467 2399 ore
489 2356 549 2399 neo
571 2332 718 2420 Orpheae
741 2335 872 2421 quirent
894 2338 1040 2399 auertere
1062 2334 1166 2421 leges,

412 2446 510 2527 atque
532 2440 596 2507 tibi
619 2463 789 2527 moresque
811 2446 886 2508 tuos
909 2446 943 2507 et
965 2441 1051 2507 facta
1073 2445 1240 2507 canentem

411 2547 479 2613 fors
501 2552 535 2613 et
556 2548 767 2636 magniloquo
789 2571 855 2615 non
878 2532 1302 2633 posthabuissetHomero,

410 2654 557 2720 tenderet
579 2660 614 2721 et
635 2660 730 2721 toruo
753 2657 859 2741 pietas
882 2676 1019 2741 aequare
1042 2655 1177 2721 Maroni,
1200 2692 1245 2703 —

410 2784 467 2827 cur
488 2762 593 2850 magis
616 2763 754 2830 incessat
777 2786 910 2849 superos
932 2767 966 2828 et
989 2784 1070 2829 aena
1092 2784 1239 2828 sororum

410 2868 557 2953 stamina,
575 2891 657 2955 quae
676 2869 788 2955 tepido
806 2870 955 2957 genetrix
975 2892 1073 2955 super
1091 2892 1209 2957 aggere
1227 2871 1295 2936 nati

413 2977 494 3041 orba
516 2976 608 3043 sedet
630 2977 682 3042 uel
707 2998 790 3062 qnae
813 2976 972 3063 primaeui
995 2976 1143 3064 coniugis
1166 2978 1274 3064 ignem

410 3084 528 3169 aspicit
550 3085 783 3170 obstantesque
806 3108 921 3150 manus
943 3084 1138 3169 turbamque
1163 3089 1327 3149 tenentem

409 3190 512 3257 uincit
534 3191 568 3256 in
590 3192 769 3279 ardentem,
791 3192 901 3277 liceat,
922 3191 1080 3257 moritura
1102 3191 1277 3257 maritum?

409 3298 526 3385 maior,
548 3300 597 3364 ais
619 3299 742 3388 forsan,
765 3322 899 3385 superos
922 3304 955 3365 et
978 3299 1112 3365 'l'artara
1134 3298 1261 3384 pulsem

411 3405 546 3493 inuidia,
568 3407 712 3473 externis
734 3408 832 3474 etiam
855 3406 1039 3473 miserabile
1063 3406 1135 3472 uisu

1499 3424 1532 3472 70

285 3669 399 3726 ueloci
423 3672 472 3727 sed
492 3672 554 3726 (ΡΒ
582 3704 616 3714 -
643 3672 690 3727 hic
714 3714 721 3728 .
741 3716 747 3728 .
767 3716 773 3729 .
797 3672 903 3728 inserui
928 3690 991 3727 oum
1019 3672 1104 3727 lande
1127 3671 1216 3727 locis
1243 3671 1298 3743 (his
1323 3716 1328 3727 .
1350 3718 1355 3729 .
1376 3716 1381 3727 .
1406 3672 1475 3726 locis
1503 3675 1533 3725 et

197 3758 376 3831 Bernartius)
407 3759 516 3817 inferiis
535 3779 598 3817 cum
616 3762 701 3817 laude
720 3762 795 3817 datis
810 3762 955 3817 Krohnius
969 3794 1002 3802 -
1022 3768 1057 3816 45
1076 3777 1154 3816 sume
1168 3761 1303 3832 gemitns3
1321 3778 1389 3816 cerr.
1404 3780 1422 3815 a
1454 3778 1532 3815 sume

196 3847 248 3903 hos
258 3848 531 3907 Marsusque-re
541 3869 626 3921 qnam
635 3854 731 3921 (quam
741 3852 851 3908 etium
864 3870 898 3907 ex
907 3854 1031 3923 antiquo)
1042 3868 1178 3921 unquam3
1197 3868 1268 3920 quas
1278 3868 1422 3920 nunquam
1433 3850 1531 3905 ⁰¹⁸-

198 3943 230 3991 51
250 3954 411 4009 superarem
423 3941 658 3997 Baehreusius-
677 3948 712 3995 51
730 3941 877 3995 nisndae
903 3940 1040 3996 ullac-
1060 3946 1093 3995 57
1108 3940 1161 3995 rite
1177 3939 1300 3995 dicarem
1315 3959 1329 3994 e
1344 3974 1378 3981 -
1398 3945 1430 3994 61
1446 3942 1532 4010 atque

197 4025 238 4080 ibi
256 4044 301 4083 me
318 4028 456 4085 Heinsius
482 4063 516 4071 -
545 4036 579 4085 69
598 4031 689 4085 maior
706 4030 770 4085 aliis
789 4030 884 4087 forsan
907 4030 972 4101 (alis
990 4034 1059 4101 Be),
1083 4046 1150 4087 corr.
1175 4030 1292 4087 Vollmer
1323 4028 1413 4085 maior
1431 4028 1468 4083 ab
1488 4030 1531 4083 his

199 4118 373 4188 ...pulset
389 4118 513 4176 inuidia:
545 4120 723 4190 externisque
742 4165 748 4175 .
769 4164 775 4176 .
796 4165 801 4176 .
821 4124 869 4175 eat
887 4121 1069 4177 &marteine
1099 4119 1190 4175 maior
1207 4118 1264 4175 sors
1284 4118 1349 4174 aliis
1369 4164 1374 4175 .
1391 4166 1397 4176 .
1413 4164 1419 4175 .
1438 4118 1533 4190 pulset

198 4204 308 4261 inuidia
327 4208 359 4263 0.
374 4208 495 4266 Mueller
525 4210 615 4265 maior
633 4210 727 4265 athis
745 4210 931 4267 Baehreusius
963 4210 1053 4265 maior
1072 4209 1133 4264 anis
1153 4208 1302 4266 Buecheler
1320 4240 1354 4251 -

201 4364 409 4373 ———-

284 4482 320 4530 45
347 4475 410 4531 Seu.
429 4476 530 4534 Troad.
549 4482 602 4533 666
625 4496 704 4533 sume
726 4494 800 4533 nunc
822 4476 926 4533 iterum
950 4494 1044 4533 comae
1067 4480 1097 4532 et
1120 4494 1197 4533 eume
1218 4477 1350 4534 lacrimas
1369 4494 1426 4548 eqs.
1446 4476 1531 4533 Anth.

197 4563 283 4635 epigr.
304 4570 381 4621 1666.
397 4572 413 4620 7
436 4584 515 4622 sume
533 4567 623 4639 igitur
638 4568 771 4623 lacrimas
789 4600 824 4609 —
843 4572 878 4621 56
896 4567 964 4621 hch.
980 4566 1005 4621 11
1022 4572 1073 4621 154
1094 4566 1226 4623 Oebalios
1245 4568 1275 4622 in
1293 4566 1393 4622 nubila
1411 4566 1531 4622 condere

199 4652 289 4709 discos
308 4654 376 4711 Silu.
392 4655 432 4709 ΠΙ
446 4662 470 4711 1.
482 4661 533 4710 155
552 4658 651 4711 nubila
664 4658 743 4713 disco
756 4658 876 4713 finderet
888 4688 923 4697 ·-
937 4662 973 4709 55
987 4656 1057 4711 llnn.
1072 4656 1104 4713 fr.
1122 4662 1180 4713 164,
1192 4662 1244 4711 660
1262 4656 1345 4728 Verg.
1361 4656 1531 4712 17111595

198 4746 307 4812 putrem
330 4745 425 4799 sonitu
447 4746 542 4814 quatit
563 4747 671 4817 ungala
691 4764 821 4818 campum
839 4746 878 4801 xl
892 4750 943 4799 875
963 4746 1149 4801 Mrarrmsavs
1168 4748 1206 4803 ud
1223 4748 1248 4801 b.
1264 4748 1282 4803 1.
1301 4778 1336 4787 -
1354 4752 1437 4815 59sq.
1462 4745 1530 4803 Silu.

198 4830 223 4883 V
237 4839 261 4889 2.
272 4840 306 4889 95
325 4837 452 4888 auertere
470 4834 609 4890 Cerberon
626 4838 744 4892 umbrae
756 4870 791 4879 -
811 4842 843 4890 61
864 4854 890 4890 u.
907 4841 958 4889 117
977 4852 1068 4889 mores
1087 4837 1116 4889 et
1129 4834 1207 4889 sacta
1220 4835 1344 4906 priorum
1358 4865 1392 4875 -
1408 4842 1442 4889 65
1461 4835 1529 4890 Siln.

197 4920 319 4978 luero
337 4923 500 4994 primaeuae
571 4925 838 4996 coniugisautuati
852 4958 886 4967 -
901 4930 934 4979 67
952 4926 986 4993 cs.
1002 4926 1040 4981 ud
1054 4924 1079 4978 Π
1095 4930 1164 4980 115
1178 4956 1212 4965 -
1227 4930 1261 4978 69
1275 4927 1310 4993 cs.
1325 4924 1479 4980 57111111
1497 4956 1529 4967 -
