3775 5567
767 463 1019 520 0001001011
1525 461 1567 525 79

445 629 571 694 laudem
596 632 629 693 et
653 629 754 716 opes?
791 632 900 694 tantas
923 650 982 693 nee
1006 627 1062 712 qui
1085 626 1294 691 mandauerat
1318 647 1414 690 ausus
1535 640 1569 688 85

448 742 617 824 expectare
640 737 719 801 fuitl
756 737 876 824 gaudet
899 735 1106 801 Trasimenus
1129 738 1161 799 et
1184 733 1285 819 Alpes

447 845 693 929 Cannensesque
717 843 842 909 animae
866 843 1055 928 primusque
1079 840 1205 928 insigne
1224 841 1384 905 tributum

446 953 517 1038 ipso
540 953 646 1039 palam
669 952 773 1017 lacera
796 951 951 1036 poscebat
973 949 1120 1037 Regulus
1142 950 1266 1013 umbra.

446 1083 511 1124 non
535 1063 628 1125 uaeat
651 1058 788 1124 Arctoas
811 1058 895 1124 aeies
917 1057 1132 1141 Rhenumque
1155 1055 1310 1121 rebellem

447 1167 658 1252 captiuaeque
682 1189 795 1253 preses
817 1165 959 1232 Veledae
982 1169 1028 1249 et,
1051 1186 1133 1249 quae
1156 1163 1297 1228 maxima
1318 1185 1424 1246 nuper

447 1274 564 1361 gloria,
588 1273 767 1360 depositam
791 1271 888 1338 Dacis
911 1271 1125 1358 pereuntibus
1149 1270 1263 1335 urbem

447 1382 600 1467 pandere,
624 1403 696 1446 oum
719 1380 802 1446 tanti
826 1380 930 1444 leetus
953 1378 1089 1444 rectoris
1110 1377 1264 1461 habenas,

448 1488 583 1576 Gallice,
606 1489 750 1554 Fortuna
772 1509 839 1553 uon
861 1486 1041 1552 admirante
1063 1485 1191 1551 subisti.
1214 1523 1259 1532 -

448 1597 533 1662 hune
556 1596 671 1684 igitur,
693 1596 720 1661 si
745 1594 843 1683 digna
865 1595 994 1680 loquor,
1016 1593 1180 1678 rapiemus
1202 1592 1324 1678 iniquo,

448 1709 536 1788 nate,
558 1703 638 1769 Ioui.
676 1707 770 1790 rogat
789 1702 850 1767 hoo
873 1701 984 1767 Latiae
1008 1706 1101 1786 pater
1124 1700 1255 1766 inolitus
1277 1698 1378 1764 Vrbis
1535 1715 1569 1764 00

449 1817 482 1878 et
504 1811 632 1898 meruit,
654 1831 759 1896 neque
783 1809 868 1874 enim
891 1810 1013 1875 frustra
1034 1809 1114 1874 mihi
1138 1829 1243 1893 nuper
1265 1807 1388 1872 honora

448 1919 590 1985 earmina
612 1917 749 2004 patricio
773 1917 865 2004 pueri
889 1916 1044 1982 sonuistis
1063 1917 1097 1981 in
1120 1921 1219 1981 ostro.

448 2027 475 2092 si
500 2049 564 2112 qua
587 2025 752 2091 salutifero
776 2023 897 2111 gemini
922 2023 1074 2091 Chironis
1096 2024 1131 2089 in
1154 2029 1247 2089 antro

447 2134 563 2220 herba,
586 2134 677 2198 tholo
701 2132 925 2217 quodcumque
948 2131 1012 2197 tibi
1035 2130 1174 2197 Troiana
1196 2130 1343 2195 recondit

447 2243 625 2328 Pergamus
648 2244 704 2305 aut
726 2239 859 2305 medicis
881 2239 960 2304 felix
983 2239 1169 2323 Epidaurus
1191 2238 1320 2303 harenis
1518 2257 1569 2303 100

450 2350 572 2434 educat,
594 2348 690 2413 Idaeo
712 2347 838 2431 profert
860 2369 957 2431 quam
982 2344 1077 2411 Creta
1098 2346 1160 2411 sub
1184 2346 1300 2410 umbra

450 2455 603 2522 dictamni
627 2454 772 2520 florentis
796 2475 890 2539 opem
913 2475 1043 2538 quoque
1066 2453 1182 2540 anguis
1204 2452 1348 2518 abundat

450 2568 615 2648 spumatu:
634 2563 767 2649 iungam
791 2561 860 2646 ipse
883 2583 998 2626 manus
1020 2565 1118 2646 atque
1141 2583 1236 2626 omne
1260 2561 1400 2648 benigne

448 2672 552 2758 uirus,
574 2670 744 2736 odoriferis
766 2667 913 2734 Arabum
937 2668 1024 2753 quod
1047 2668 1162 2734 doetus
1184 2669 1218 2733 in
1241 2668 1329 2734 aruis

449 2783 505 2843 aut
527 2777 763 2863 Amphrysiaco
788 2780 901 2861 pastor
922 2775 963 2841 de
985 2776 1131 2863 gramine
1154 2776 1281 2860 carpsi?
1519 2793 1570 2841 100

537 2885 670 2951 dixerat.
709 2883 879 2948 inueniunt
902 2883 1028 2968 positos
1050 2883 1114 2948 iam
1138 2884 1282 2970 segniter
1303 2890 1393 2949 artus

449 2996 713 3080 pugnantemque
735 2991 883 3058 animam.
921 2990 987 3057 ritu
1009 3012 1044 3056 se
1067 2991 1170 3078 cingit
1193 2996 1328 3076 uterque

448 3100 589 3167 Paeonio
612 3103 857 3184 monstrantque
880 3099 978 3164 simul
1000 3104 1180 3184 parentque
1202 3099 1359 3185 uolentes,

452 3209 553 3274 donee
575 3207 719 3273 letiferas
742 3207 832 3272 uario
856 3205 1066 3272 medicamine
1089 3211 1198 3291 pestes

449 3318 483 3380 et
505 3319 655 3400 suspecta
678 3313 753 3379 mali
777 3317 935 3399 ruperunt
958 3312 1072 3378 nubila
1094 3313 1207 3379 somni.
1520 3332 1570 3380 110

385 3509 388 3514 1
448 3421 580 3488 adiuuat
603 3421 673 3506 ipse
697 3421 773 3487 deos
796 3421 976 3506 morboque
998 3419 1159 3486 ualentior
1181 3420 1270 3486 omni

325 3658 359 3708 80
375 3652 558 3708 astutioris
567 3651 713 3708 Adrianus
723 3683 756 3692 —
767 3658 831 3722 post
844 3668 954 3708 11010100
963 3655 1003 3706 86
1015 3658 1105 3708 exstat
1114 3653 1145 3707 in
1159 3655 1320 3707 limae:
1339 3650 1470 3707 attollam
1485 3654 1572 3706 cautu

236 3742 343 3814 gaudet
360 3741 576 3811 thrasymenum
595 3742 624 3794 et
643 3740 734 3812 alpes,
757 3743 795 3798 od
814 3759 891 3812 quau
909 3742 941 3796 iu
959 3745 980 3794 B
998 3743 1170 3811 adscriptum
1187 3747 1226 3798 est
1243 3756 1281 3795 va
1297 3771 1334 3782 -
1354 3745 1415 3812 eat,
1433 3744 1466 3797 iu
1483 3761 1500 3795 a
1518 3744 1570 3798 od-

235 3835 346 3888 notouit
358 3833 529 3887 Politionus:
548 3830 594 3885 hic
612 3845 709 3884 uersus
728 3830 809 3884 deest
826 3829 857 3884 in
875 3829 948 3884 libro
963 3829 1155 3886 vetustissimo
1174 3831 1272 3903 poggii
1287 3829 1335 3900 qui
1349 3848 1366 3886 e
1379 3831 1527 3902 germania
1540 3831 1570 3885 in

237 3921 349 3976 italiam
372 3923 415 3975 est
438 3919 544 3975 relatus
570 3951 603 3960 -
628 3923 662 3974 88
685 3919 780 3974 lacera
802 3923 884 3975 etiam
902 3920 943 3972 A·
969 3951 1001 3962 -
1031 3925 1065 3974 90
1088 3920 1135 3976 uel
1153 3919 1209 3989 dae
1226 3923 1256 3974 et
1278 3935 1351 3988 quae
1370 3920 1482 3990 (ueldae
1500 3922 1570 3990 Δ*);

237 4028 305 4066 corr,
322 4018 338 4066 ς
358 4042 393 4051 -
411 4015 444 4063 92
464 4007 540 4064 laetu
560 4009 673 4078 Lipsius
692 4039 725 4048 -
745 4013 779 4062 94
798 4025 887 4076 0000;
907 4025 976 4065 corr.
996 4027 1062 4062 0-
1082 4009 1226 4081 rapiamus
1242 4015 1260 4065 ς
1278 4041 1314 4049 -
1333 4015 1366 4063 97
1386 4010 1506 4065 sonuisti
1530 4011 1570 4062 1¹

237 4117 354 4155 sonuere
376 4099 506 4153 ministro
524 4104 548 4152 R
576 4131 609 4139 —
638 4105 671 4154 99
695 4096 784 4152 herba
806 4100 836 4152 et
858 4097 940 4152 holus
964 4099 1150 4170 quodcunque
1169 4099 1285 4171 Iapetus
1312 4131 1347 4140 —
1375 4116 1571 4169 quameunque

237 4191 371 4246 Bantius
398 4221 433 4230 -
457 4193 508 4242 109
527 4187 680 4258 benignum
698 4187 921 4260 Lindeabroqe'ue
939 4218 975 4229 -
994 4193 1045 4242 105
1064 4188 1182 4259 carpsit3
1205 4205 1275 4247 corr.
1295 4207 1309 4241 0
1336 4219 1371 4230 -
1401 4194 1452 4243 110
1470 4205 1570 4260 rupue-

236 4282 316 4348 runt3
335 4297 405 4336 corr.
425 4284 443 4334 ς
462 4309 498 4319 -

327 4493 524 4550 00011010.
546 4497 596 4547 180
615 4491 706 4562 gloria
724 4491 815 4547 maior
833 4523 867 4533 —
886 4497 920 4546 92
940 4491 1009 4548 Silu.
1028 4491 1054 4546 V
1073 4499 1097 4548 1.
1116 4498 1151 4547 89
1170 4491 1237 4548 lecti
1310 4492 1433 4548 ministri
1470 4490 1568 4548 Claud.

237 4583 324 4639 Laud.
345 4583 401 4639 Ser.
414 4588 463 4637 111
483 4598 547 4637 eum
564 4598 657 4636 rarum
671 4598 795 4637 summes
810 4581 934 4639 delectus
949 4581 1076 4637 habenas
1091 4583 1246 4653 susciperet
1258 4615 1291 4624 —
1306 4589 1340 4637 99
1355 4581 1569 4654 Prop.111⁷.11

237 4672 350 4728 inuidia
368 4670 526 4728 admirante
545 4703 578 4712 -
598 4677 631 4725 95
651 4670 857 4726 0110190.οο
876 4671 1019 4726 Ausoniae
1037 4674 1119 4743 pater
1137 4672 1354 4744 augustissimus
1373 4671 1451 4726 urbis
1483 4673 1518 4738 es.
1533 4673 1572 4727 od

238 4761 294 4817 12,
316 4767 366 4817 ue
384 4792 420 4802 -
439 4766 473 4817 00
492 4760 543 4818 ou.
562 4759 629 4817 Met.
644 4759 670 4814 11
685 4765 737 4815 000
756 4753 918 4832 gemini...
934 4760 1181 4816 0000009110
1199 4795 1236 4804 -
1255 4769 1306 4817 100
1321 4763 1391 4817 sut.
1407 4762 1476 4818 leh.
1491 4762 1571 4816 Isos

237 4851 324 4924 iunge
346 4869 413 4923 ergo
436 4868 537 4906 manus
565 4883 598 4894 -
628 4855 678 4904 101
702 4851 805 4906 Lucan,
829 4851 869 4906 111
892 4857 944 4906 078
972 4851 1128 4907 luctantem
1146 4853 1272 4908 animam
1295 4853 1373 4907 lenta
1395 4868 1460 4907 enm
1482 4855 1571 4907 morte

238 4971 274 4984 -
291 4940 394 4998 Lucan.
410 4942 422 4995 1
441 4945 493 4997 596
512 4939 596 4996 turbu
616 4983 622 4995 .
643 4982 648 4995 .
669 4984 674 4996 .
695 4941 751 4996 ritu
771 4984 777 4997 .
798 4985 804 4997 .
825 4985 830 4997 .
851 4940 995 4997 succincta
1013 4941 1124 4998 Gabino
1142 4973 1177 4986 -
