3775 5567
749 454 936 510 SILVARVM
954 455 993 510 ΠΙ
1011 462 1028 510 6
1490 455 1552 518 141

432 617 496 684 heu
518 616 577 682 ubi
599 622 679 683 note
701 617 781 682 fides
803 621 917 703 totque
941 617 1112 704 explorata
1134 639 1307 703 perusus,

434 747 497 810 que
520 727 661 810 ueteres,
683 724 793 790 Latias
816 724 944 812 Graios,
967 725 1117 791 ueroidas
1139 727 1280 810 seques?
1520 743 1555 791 46

432 832 512 898 isset
530 832 572 896 ad
589 829 703 898 Iliacas
725 869 762 880 --
785 831 863 917 quid
882 832 969 896 enim
987 833 1129 898 deterret
1146 833 1313 898 amantes?
1331 871 1375 879 —

433 939 597 1024 Penelope
621 938 733 1026 ganisa
756 939 882 1024 domos,
905 939 933 1004 si
956 936 1071 1024 passus
1093 939 1220 1025 Ulixes,

434 1051 548 1131 questa
567 1050 617 1110 est
634 1046 787 1133 Aegiale,
811 1051 925 1131 questa
943 1051 994 1114 est
1011 1046 1173 1112 Meliboea
1190 1046 1344 1132 relinqui,

434 1158 467 1220 et
487 1175 583 1238 quem
598 1191 640 1200 -
657 1175 754 1238 quem
772 1153 875 1220 saeui!
890 1191 932 1202 —
947 1154 1094 1220 fecerunt
1111 1154 1266 1219 maenada
1280 1153 1439 1239 planctus.

432 1283 492 1325 nec
515 1260 621 1326 minor
643 1260 695 1324 his
718 1265 756 1324 tu
777 1281 872 1326 nosse
895 1260 991 1326 fidem
1014 1261 1181 1346 uitamque
1204 1261 1330 1326 maritis

434 1367 562 1432 dedere:
599 1367 645 1432 sio
668 1371 755 1434 certe
779 1367 901 1433 cineres
923 1368 1136 1454 umbramque
1159 1369 1302 1454 priorem

435 1474 563 1559 quaeris
585 1473 705 1560 odhuc,
729 1474 775 1540 sio
798 1474 952 1560 exequias
975 1475 1125 1560 amplexa
1148 1475 1257 1542 canori

434 1581 582 1669 coniugis
604 1581 754 1669 ingentes
777 1581 902 1648 iterasti
925 1587 1058 1668 pectore
1081 1583 1232 1669 planctus
1318 1577 1320 1580 ’

433 1688 498 1754 iam
516 1711 602 1790 mea3
623 1711 683 1754 nec
701 1689 807 1774 pietas
825 1689 889 1754 alia
907 1695 958 1755 est
976 1691 1039 1756 tibi
1063 1712 1202 1776 curaque
1220 1696 1328 1778 natae,

434 1796 480 1862 sic
503 1799 537 1862 et
559 1801 663 1862 mater
686 1819 788 1881 emes,
810 1797 856 1862 sic
877 1819 1056 1882 numquam
1078 1797 1173 1864 corde
1195 1797 1317 1863 recedit

433 1908 511 1969 nata
533 1906 591 1969 tuo
613 1905 776 1989 fixamque
799 1904 899 1969 animi
922 1904 1146 1989 penetralibus
1169 1905 1243 1971 imis

434 2015 530 2076 nocte
554 2011 669 2097 dieque
692 2016 791 2077 tenes.
836 2033 902 2077 non
926 2011 973 2076 sic
995 2011 1167 2078 Trachinia
1188 2012 1283 2079 nidos

435 2118 593 2204 Alcyone,
616 2140 734 2184 uernos
756 2141 823 2184 non
845 2119 891 2184 sic
914 2118 1094 2184 Philomela
1116 2123 1252 2204 penates

436 2226 550 2291 circuit
567 2225 767 2312 amplectens
785 2225 990 2311 animamque
1008 2226 1042 2290 in
1062 2226 1201 2313 pignora
1218 2227 1380 2292 transfert.

436 2337 470 2398 et
492 2355 579 2399 nunc
601 2332 658 2398 illa
682 2337 779 2417 tenet,
803 2333 901 2397 uiduo
925 2333 1012 2417 quod
1035 2334 1104 2398 sola
1125 2333 1226 2399 cubili

436 2441 504 2506 otia
526 2441 591 2505 iam
614 2439 768 2525 pulchrae
792 2439 870 2504 terit
892 2439 1064 2504 infecunda
1087 2441 1246 2507 iuuentae.

436 2548 492 2614 sed
515 2547 662 2633 uenient,
686 2547 792 2632 plenis
815 2547 948 2612 uenient
970 2547 1110 2613 conubia
1133 2547 1250 2613 taedis:

435 2655 481 2721 sic
504 2660 591 2722 certe
614 2655 800 2739 formaeque
824 2654 919 2720 bonis
943 2654 1106 2740 animique
1129 2660 1280 2738 meretur,

435 2763 504 2828 siue
527 2762 643 2846 chelyn
667 2760 837 2846 complexa
859 2761 945 2846 petit
968 2785 1025 2827 seu
1048 2784 1127 2828 uoce
1150 2767 1287 2847 paterna

435 2869 621 2935 discendum
643 2867 746 2933 Musis
768 2871 864 2933 sonet
887 2872 920 2932 et
942 2890 1015 2932 mea
1037 2869 1179 2934 carmine
1201 2869 1304 2934 flectit

435 2977 569 3042 candide
592 2997 648 3042 seu
672 2975 763 3040 molli
787 2974 909 3040 diducit
933 2975 1066 3040 brachie
1088 2981 1193 3042 motu:

433 3084 601 3171 ingenium
624 3083 774 3168 probitas
797 3087 964 3166 artemque
987 3083 1146 3148 modestia
1168 3083 1279 3149 uincit

434 3214 541 3257 nonne
564 3191 653 3256 leues
676 3211 808 3274 pueros,
831 3211 897 3255 non
920 3193 968 3274 te,
992 3189 1167 3276 Cytherea,
1189 3190 1327 3275 pudebit

434 3299 496 3364 boc
519 3319 643 3364 cessure
667 3295 787 3362 decus?
822 3318 882 3362 nec
905 3301 1030 3361 tentum
1055 3295 1159 3362 Rome
1184 3297 1309 3385 iugales

435 3405 605 3470 conciliare
629 3409 718 3469 toros
741 3403 904 3488 festosque
928 3404 1100 3470 accendere
1122 3405 1233 3470 taedas
1524 3425 1558 3484 70

311 3623 345 3672 46
374 3616 529 3685 Graiosque
552 3616 723 3671 Heroidusc
751 3647 785 3657 —-
812 3623 846 3670 46
874 3615 988 3685 iliacos;
1016 3633 1086 3673 corr.
1102 3624 1119 3672 ς
1125 3635 1143 3670 a
1170 3648 1204 3658 -
1232 3623 1266 3673 46
1294 3634 1466 3686 quamquam
1489 3626 1553 3675 onte

225 3707 388 3763 limanium
415 3723 470 3777 pro
496 3723 552 3762 uno
579 3723 669 3776 cepere
691 3707 786 3774 uerbo,
814 3707 860 3762 sed
883 3707 941 3761 tom
954 3711 978 3759 A
999 3708 1141 3776 separauit
1162 3708 1300 3762 66666616
1318 3715 1344 3764 ct
1365 3707 1481 3776 fortasse
1499 3709 1556 3763 duo

222 3797 309 3852 uerba
322 3813 355 3850 erc
368 3795 405 3848 A*
424 3801 540 3852 testam
554 3796 714 3851 Potitianis
731 3827 767 3835 —
785 3799 820 3848 60
839 3795 1012 3864 uictumqu03
1031 3812 1099 3852 corr.
1110 3801 1134 3850 B
1147 3828 1182 3836 -
1201 3801 1235 3851 67
1253 3795 1376 3852 intracia
1389 3798 1483 3866 (etium
1491 3797 1557 3867 A·);

221 3901 291 3941 corr.
306 3890 347 3946 Qu
365 3917 400 3926 -
418 3889 453 3939 68
470 3901 572 3940 neruos
590 3901 659 3954 nom
678 3901 746 3941 corr.
761 3889 806 3937 Rs
830 3915 863 3925 -
892 3890 926 3939 60
944 3887 1025 3956 tepet
1041 3886 1227 3942 Bartrmsissr
1252 3888 1333 3941 tenet
1355 3885 1473 3941 uiduum
1490 3904 1517 3954 q.
1533 3905 1554 3941 s.

222 3972 315 4029 cubile
334 3975 485 4032 (deuertisse
511 4007 546 4016 -
574 3979 608 4030 66
633 3974 812 4042 animaeque;
831 3991 900 4029 corr.
917 3981 956 4029 ςο
983 4007 1016 4016 -
1045 3981 1079 4029 64
1103 3974 1169 4030 ferit
1190 3991 1240 4030 seu
1261 3974 1435 4048 Peyraredrsr
1462 3975 1556 4044 quatit

222 4079 272 4118 seu
296 4065 402 4120 Walter
420 4095 454 4105 -
474 4069 509 4118 to
527 4067 602 4134 toro3
621 4081 689 4120 corr.
705 4068 748 4117 Re
766 4095 800 4104 -

311 4303 346 4352 44
370 4296 419 4353 06.
438 4296 635 4352 6666111486
658 4295 713 4350 heu
736 4295 785 4350 ubi
803 4299 889 4366 pacta
907 4295 976 4350 fides
1004 4328 1039 4336 —
1067 4302 1101 4350 46
1129 4295 1210 4367 Prop.
1224 4297 1252 4353 11
1265 4303 1308 4353 68.
1324 4305 1357 4354 61
1387 4296 1464 4367 quod
1482 4298 1558 4352 situ

223 4383 324 4442 Graias
338 4401 367 4440 ee
379 4389 467 4454 tuque
476 4384 591 4440 imitata
604 4385 720 4440 Latinas
736 4384 787 4440 06.
798 4385 829 4441 A.
840 4385 866 4439 ΙΙ
876 4392 900 4440 4.
911 4390 945 4439 63
965 4388 1075 4441 ueteres
1089 4385 1220 4440 heroidas
1235 4402 1341 4455 aequas
1359 4387 1428 4443 Sila.
1438 4387 1464 4442 V
1474 4397 1495 4442 1.
1506 4393 1557 4440 266

182 4461 200 4532 ’,
224 4479 333 4530 ueteres
352 4475 483 4530 heroidas
516 4477 619 4530 Auson.
639 4491 681 4545 ep.
700 4473 765 4528 XIV
774 4480 808 4529 68
823 4477 860 4545 (p.
872 4475 962 4544 246P)
980 4475 1080 4546 priscis
1095 4474 1226 4530 heroibus
1241 4492 1366 4545 aequans
1381 4508 1414 4517 -
1433 4482 1468 4530 46
1487 4475 1555 4531 Silu.

223 4562 273 4618 Vl
295 4569 346 4618 178
365 4563 631 4634 saeuo...plenotu
646 4595 679 4605 -
695 4569 730 4618 60
744 4563 913 4634 Propll34.
925 4569 960 4619 86
978 4582 1030 4619 666
1043 4563 1134 4618 minor
1147 4563 1192 4618 his
1206 4565 1308 4620 animis
1322 4599 1356 4607 —
1376 4571 1408 4622 61
1426 4564 1553 4636 Vergh

222 4651 261 4706 IV
276 4659 326 4707 271
342 4653 409 4708 teris
424 4653 485 4710 otia
498 4661 523 4709 ct
535 4655 659 4724 saepius,
676 4655 758 4708 ctiam
786 4651 853 4708 Silu.
864 4651 902 4706 IV
912 4659 965 4708 68
984 4685 1019 4694 -
1038 4653 1226 4708 66616166
1245 4655 1306 4709 otis
1324 4656 1406 4711 deme
1423 4655 1558 4710 iuuentae

223 4773 257 4782 -
272 4746 306 4797 66
321 4742 389 4798 sila.
403 4741 441 4797 IV
451 4748 504 4799 4.8
523 4741 666 4814 egregium
684 4741 831 4811 formaque
846 4741 1051 4810 animisque-
1075 4743 1335 4800 senosanam
1354 4761 1423 4799 6666
1436 4747 1557 4816 paterna

222 4863 257 4874 —
285 4837 319 4887 66
341 4832 548 4904 Prop.1122.o
576 4831 637 4887 siue
656 4831 759 4900 uliquis
783 4831 861 4887 molli
884 4830 995 4886 diducit
1011 4831 1135 4886 candida
1155 4836 1237 4903 gestu
1259 4833 1378 4888 brechia
1395 4851 1445 4888 seu
1463 4834 1557 4889 uarios

222 4920 323 4976 incinit
341 4938 388 4977 ore
406 4922 504 4978 modos
525 4953 557 4962 -
