3775 5567
825 393 855 449 P.
874 391 1013 448 PAPINII
1031 391 1151 448 suam

981 1266 999 1330 1

598 1381 696 1479 Quod
719 1409 782 1474 tibi
806 1407 986 1494 praerepti,
1007 1407 1133 1494 Melior,
1156 1408 1301 1475 solamen
1324 1408 1447 1474 alumni

537 1516 708 1602 improbus
731 1521 807 1582 ante
831 1537 928 1603 rogos
952 1520 985 1581 et
1008 1515 1112 1581 adhue
1135 1515 1267 1583 uiuente
1290 1516 1403 1582 fauilla
1435 1575 1438 1578 ⁴

540 1623 667 1689 ordiar?
700 1623 851 1709 abruptis
874 1622 973 1689 etiam
994 1645 1081 1689 nunc
1104 1624 1214 1690 flebile
1237 1625 1329 1690 uenis

540 1731 658 1796 uulnus
681 1729 751 1796 hiat
773 1751 974 1818 magnaeque
998 1734 1089 1816 patet
1113 1731 1167 1795 uia
1189 1731 1314 1797 lubrica
1337 1730 1463 1818 plagae,

539 1859 612 1903 cum
635 1837 699 1902 iam
723 1841 852 1925 egomet
875 1842 989 1903 centus
1013 1841 1046 1901 et
1069 1839 1170 1904 uerba
1192 1838 1355 1904 medentia
1377 1860 1493 1905 saeuus
1643 1853 1660 1904 6

538 1946 682 2010 confero:
705 1950 741 2010 tu
766 1944 915 2030 planctus
938 1944 1144 2029 lamentaque
1166 1946 1266 2012 fortia
1288 1944 1392 2012 mauis

539 2052 701 2138 odistique
725 2052 841 2137 chelyn
865 2051 1026 2136 surdaque
1048 2052 1206 2118 auertatis
1228 2075 1313 2118 aure.

539 2159 736 2244 intempesta
759 2181 852 2225 cano:
876 2158 973 2224 citius
996 2181 1048 2224 me
1071 2159 1166 2246 tigris
1190 2160 1315 2225 abactis

539 2266 662 2332 fetibus
686 2265 861 2352 orbatique
884 2265 987 2332 uelint
1010 2266 1119 2332 audire
1142 2266 1261 2334 leones.

538 2395 598 2440 nee
621 2374 648 2439 si
672 2373 888 2461 tergeminum
911 2372 1019 2439 Sicula
1042 2373 1081 2439 de
1104 2373 1232 2461 uirgine
1255 2397 1383 2441 carmen
1627 2392 1660 2442 10

539 2481 652 2546 affluat
675 2485 732 2547 aut
755 2480 847 2546 siluis
870 2480 982 2565 chelys
1004 2481 1170 2547 intellecta
1192 2481 1341 2568 ferisque,

540 2587 680 2653 muleeat
702 2587 833 2653 insanos
856 2588 1006 2676 gemitus.
1048 2592 1114 2652 stat
1137 2592 1268 2673 pectore
1292 2589 1422 2655 demens

539 2695 647 2760 luctus
671 2698 704 2759 et
726 2695 856 2761 admoto
879 2695 1002 2760 latrant
1024 2694 1212 2781 praecordia
1234 2700 1333 2763 tactu.

629 2825 724 2868 nemo
750 2807 851 2868 uetat:
875 2803 994 2869 satiare
1017 2802 1111 2870 malis
1134 2825 1332 2891 aegrumque
1355 2805 1499 2872 dolorem

540 2911 692 2976 libertate
716 2910 818 2976 doma.
842 2949 886 2960 —
909 2910 975 2976 iam
997 2910 1095 2977 flendi
1119 2910 1250 2996 expleta
1273 2912 1427 2999 uoluptas
1628 2930 1661 2978 15

539 3019 668 3103 iamque
691 3039 803 3102 preces
826 3018 930 3084 fessus
952 3040 1019 3084 non
1042 3005 1222 3106 indignaris
1245 3018 1386 3084 amicas?

540 3126 646 3190 iamne
669 3125 803 3190 canam?
835 3125 978 3192 lacrimis
1001 3148 1041 3192 en
1065 3130 1098 3191 et
1120 3149 1192 3192 mea
1215 3126 1357 3192 carmine
1381 3125 1511 3211 inipso

542 3255 598 3299 ora
620 3234 734 3297 natant
757 3233 931 3318 tristesque
956 3232 1074 3299 eadunt
1097 3233 1131 3297 in
1155 3233 1256 3298 uerba
1278 3232 1403 3298 liturae.

542 3339 612 3425 ipse
636 3339 756 3405 etenim
780 3343 887 3405 tecum
909 3339 1023 3426 nigrae
1047 3339 1215 3404 sollemnia
1237 3362 1377 3425 pompae

542 3451 789 3533 spectatumque
812 3445 895 3512 Vrbi
919 3446 1024 3513 scelus
1048 3451 1080 3512 et
1103 3447 1227 3532 puerile
1249 3447 1405 3514 feretrum
1629 3466 1663 3514 20

541 3553 689 3640 produxi,
713 3575 827 3618 saeuos
850 3553 993 3619 damnati
1017 3554 1099 3620 turis
1122 3576 1254 3620 aceruos

540 3661 786 3747 plorantemque
810 3661 949 3727 animam
973 3683 1071 3746 supra
1092 3663 1286 3752 sua‘lunera
1309 3661 1376 3726 uidi

541 3773 637 3854 teque
655 3772 784 3853 patrum
803 3769 943 3856 gemitus
962 3772 1169 3854 superantem
1188 3772 1222 3833 et
1241 3768 1373 3835 brachia
1390 3773 1531 3835 matrum

542 3875 810 3960 complexumque
834 3898 932 3963 rogos
954 3876 1128 3964 ignemque
1151 3875 1281 3942 haurire
1303 3880 1470 3962 parantem

328 4023 540 4032 ..η-

418 4113 431 4160 1
449 4105 613 4162 Glaucias
632 4104 749 4162 Atedii
768 4105 925 4161 Melioris
945 4105 1121 4162 delicatus
1139 4108 1203 4176 (eie,
1219 4109 1266 4162 sed
1286 4105 1433 4163 dedicatae
1447 4107 1495 4176 Δ*)
1509 4140 1545 4148 -
1563 4115 1579 4163 6
1598 4123 1663 4162 con·

328 4212 403 4265 sero;
422 4213 492 4252 corr.
511 4215 529 4250 ι
547 4227 581 4238 -
602 4201 633 4250 11
654 4197 687 4250 ut
705 4194 798 4266 siluis3
818 4213 886 4252 corr.
901 4201 944 4250 Bc
963 4227 996 4238 -
1022 4202 1055 4251 16
1074 4195 1168 4251 iamne
1187 4214 1201 4250 ο
1224 4227 1258 4237 -
1279 4201 1364 4266 usq.
1383 4195 1510 4252 carmina
1529 4239 1535 4250 .
1552 4241 1558 4252 .
1575 4240 1581 4251 .
1600 4212 1663 4264 ore;

328 4303 397 4343 corr.
418 4285 625 4342 Frieden'etiue
643 4317 678 4326 -

416 4505 438 4555 1.
458 4506 474 4554 2
493 4499 533 4556 st.
549 4499 635 4554 Tbeb.
651 4499 703 4553 ΧΠ
716 4505 751 4554 46
770 4497 871 4554 uiuant
888 4515 939 4570 per
957 4500 1083 4555 membra
1101 4499 1218 4555 fauillae
1242 4533 1277 4542 —
1298 4507 1315 4555 4
1335 4499 1404 4555 Silu.
1423 4499 1449 4554 11
1468 4505 1493 4555 6.
1510 4506 1524 4554 7
1544 4499 1663 4555 uulnera

329 4590 486 4662 ...plaga
504 4589 614 4644 V1.18
642 4621 677 4630 -
707 4589 819 4644 7Boet.
838 4589 941 4644 consol.
966 4588 1068 4660 philos.
1087 4589 1099 4642 I
1120 4595 1143 4644 1.
1161 4595 1193 4644 16
1231 4589 1302 4645 eheu
1325 4606 1410 4658 quam
1434 4589 1521 4644 surda
1544 4588 1662 4644 miseras

329 4679 468 4736 auertitur
485 4696 553 4735 aure
567 4711 602 4719 —
620 4684 653 4732 21
669 4678 753 4750 Verg.
768 4680 800 4734 A.
815 4679 853 4732 IX
867 4685 919 4734 486
938 4695 990 4734 nec
1008 4680 1038 4732 te
1056 4680 1107 4733 tua
1125 4678 1221 4733 funere
1240 4682 1332 4734 mater
1349 4679 1469 4750 produxi
1487 4711 1523 4720 —
1540 4685 1575 4733 24
1591 4677 1660 4733 Silu.

329 4771 367 4824 111
387 4775 411 4824 6.
427 4775 443 4822 9
462 4769 693 4841 complexumque
711 4783 794 4837 rogos
819 4771 854 4834 ot'.
870 4769 894 4822 V
910 4773 934 4823 t.
949 4773 984 4822 ⁶⁶
1013 4799 1046 4809 -
1073 4767 1157 4839 Verg.
1178 4769 1209 4824 A.
1224 4767 1262 4821 IV
1277 4773 1326 4822 661
1350 4766 1464 4823 hauriat
1481 4768 1555 4822 hunc
1574 4767 1663 4822 oculis

329 4857 423 4929 ignem
450 4861 486 4926 cs.
507 4861 557 4913 Ou.
577 4857 645 4913 Met.
664 4857 755 4911 X252
783 4856 847 4912 Vlll
864 4863 916 4910 325
945 4857 1016 4912 Ciris
1036 4863 1087 4910 163
1115 4857 1310 4912 Lucan.X71
1340 4858 1411 4913 Stat.
1432 4856 1519 4911 Theb.
1539 4857 1599 4912 Vt
1626 4887 1662 4897 —·
