3775 5567
839 436 869 490 P.
887 435 1025 490 PAPIN'lI
1043 435 1161 490 sunan

545 597 675 664 fertilis:
712 601 745 662 et
766 602 880 664 nostra
902 599 1014 686 generi
1037 598 1154 664 tellure
1177 598 1349 663 dabuntur.

545 727 612 770 non
634 704 713 770 adeo
736 704 900 772 Vesuinus
921 729 1006 792 apex
1029 711 1063 771 et
1085 707 1234 772 flammea
1256 705 1318 770 diri

464 797 468 806 ’
546 812 666 877 montis
689 811 793 878 hiems
816 813 961 900 trepidas
984 813 1133 880 exhausit
1156 813 1285 878 ciuibus
1307 813 1419 878 urbes:

547 924 635 985 stant
654 921 850 1006 populisque
869 922 983 1008 uigent
1000 921 1077 986 hinc
1094 921 1226 1006 auspice
1244 921 1374 986 condita
1391 920 1525 985 Phoebo

547 1031 634 1092 tecta
655 1026 826 1093 Dicarchei
849 1032 1029 1114 portusque
1052 1032 1086 1092 et
1106 1028 1205 1093 litora
1226 1028 1338 1093 mundi
1634 1044 1667 1093 79

546 1133 691 1220 hospita,
714 1139 749 1200 at
771 1135 847 1200 hinc
864 1157 1001 1222 magnae
1020 1139 1143 1200 tractus
1166 1135 1328 1200 imitantia
1346 1135 1468 1201 Romae

547 1264 629 1327 quae
653 1242 761 1328 capys
783 1243 927 1309 adnectis
950 1243 1102 1328 impleuit
1124 1241 1252 1309 moenia
1273 1242 1413 1308 Teucris.

546 1354 658 1415 nostra
681 1371 810 1435 quoque
829 1355 862 1416 et
885 1351 1030 1436 propriis
1051 1350 1160 1416 tenuis
1177 1372 1237 1414 nec
1254 1373 1327 1415 rara
1344 1351 1468 1416 colonis

549 1456 769 1541 Parthenope,
792 1457 844 1523 cui
863 1457 942 1523 mite
962 1457 1066 1523 solum
1085 1462 1176 1523 trans
1194 1479 1334 1543 aequora
1353 1463 1464 1524 uectae

547 1565 618 1650 ipse
640 1565 785 1630 Dionaea
807 1566 1003 1632 monstrauit
1024 1565 1146 1650 Apollo
1169 1565 1327 1632 columba.

547 1672 606 1737 has
625 1695 685 1760 ego
704 1677 737 1737 ta
756 1673 847 1739 sedes
865 1712 908 1721 —
926 1696 1003 1739 nam
1019 1695 1080 1738 nec
1097 1674 1178 1738 mihi
1198 1674 1337 1739 barbara
1354 1673 1477 1738 'l'hrace

547 1802 606 1846 nec
627 1780 731 1866 Libye
754 1781 861 1846 natale
885 1781 991 1847 solum
1015 1820 1057 1828 -
1080 1783 1255 1847 transferre
1277 1781 1407 1867 laboro,

549 1910 629 1972 quas
652 1891 684 1953 et
708 1888 815 1954 mollis
837 1889 941 1954 hiems
966 1893 999 1954 et
1021 1889 1140 1977 frigida
1162 1893 1324 1974 temperat
1345 1892 1465 1972 aestas,

549 2018 628 2080 quas
651 1994 783 2061 imbelle
805 1997 926 2062 fretum
949 1997 1156 2081 torpentibus
1177 1997 1280 2061 adluit
1303 1995 1406 2061 undis.

547 2126 612 2188 pax
635 2125 746 2169 secura
768 2102 849 2169 locis
871 2108 904 2168 at
927 2103 1046 2169 desidis
1069 2103 1136 2168 otia
1159 2103 1246 2168 uitae

549 2215 582 2276 et
604 2233 781 2296 numquam
804 2210 937 2276 turbata
960 2211 1051 2295 quies
1074 2209 1243 2296 somnique
1266 2209 1398 2294 peracti.

548 2317 639 2383 nulla
661 2321 732 2384 foro
754 2318 862 2385 rabies
885 2323 942 2384 aut
965 2319 1096 2384 strictae
1119 2318 1153 2381 in
1175 2317 1283 2405 iurgia
1304 2317 1406 2404 leges:

548 2448 675 2492 morum
698 2426 769 2490 iura
791 2426 871 2491 uiris
894 2425 999 2492 solum
1023 2431 1056 2491 et
1078 2426 1147 2490 sine
1169 2424 1314 2491 fascibus
1336 2446 1482 2509 aequum.

549 2533 627 2618 quid
649 2555 735 2598 nunc
757 2533 945 2620 magnificas
968 2533 1092 2618 species
1114 2533 1284 2618 cultusque
1306 2533 1453 2598 locorum

548 2641 735 2726 templaque
747 2648 777 2707 ct
789 2641 966 2706 innumeris
979 2641 1087 2726 spatia
1100 2641 1305 2706 interstincta
1318 2639 1477 2705 columnis

548 2753 582 2814 et
604 2749 766 2835 geminam
789 2749 907 2814 molem
929 2749 1008 2814 nudi
1031 2749 1176 2833 tectique
1199 2746 1319 2813 theatri

549 2860 583 2922 et
606 2855 800 2942 Capitolinis
824 2856 1044 2941 quinquennia
1066 2855 1216 2941 proxima
1237 2855 1363 2941 lustris,

550 2963 628 3049 quid
649 2963 778 3029 laudem
799 2963 880 3027 litus
901 2962 1152 3047 libertatemque
1174 2961 1358 3045 Menandri,

550 3093 647 3156 quam
665 3071 830 3136 Romanus
848 3069 952 3135 honos
970 3075 1004 3134 et
1023 3069 1119 3135 Graia
1137 3069 1268 3135 licentia
1285 3069 1443 3134 miscent?

548 3200 608 3243 nec
630 3177 746 3244 desunt
769 3177 876 3243 uariae
900 3177 984 3242 circa
1007 3176 1223 3242 oblectamina
1245 3177 1348 3242 uitae:

550 3285 619 3351 siue
642 3284 855 3370 asperitates,
879 3283 1089 3350 blandissima
1110 3283 1222 3369 btora,
1245 3282 1354 3368 Baiae,

551 3391 668 3458 enthea
689 3391 840 3457 fatidicae
862 3414 919 3458 seu
942 3391 1048 3456 uisere
1070 3396 1157 3456 tecta
1179 3389 1324 3476 Sibyllae

549 3499 641 3566 duulce
665 3499 710 3565 sit
730 3498 891 3584 Iliacoque
916 3499 1030 3586 iugum
1052 3497 1261 3564 memorabile
1284 3520 1389 3583 remo,

550 3629 607 3674 seu
629 3607 693 3673 tibi
716 3607 853 3674 Bacchei
876 3607 988 3672 uineta
1009 3606 1172 3672 madentia
1195 3605 1293 3671 Gauri

339 3764 475 3770 ——-
483 3763 550 3770 ---·«

426 3863 460 3912 74
479 3855 526 3910 hic
540 3853 666 3926 auspice3
685 3873 753 3911 corr.
773 3855 908 3912 Heinsius
921 3887 956 3896 -
975 3860 1010 3908 79
1024 3854 1129 3910 mundo
1142 3854 1329 3910 Maeander
1343 3883 1376 3894 -
1397 3858 1430 3907 79
1447 3854 1545 3908 noaha
1557 3868 1669 3922 quoque

338 3946 415 4001 haud
434 3947 620 4002 Marklandaa
646 3947 797 4012 nostraque
819 3961 871 4000 nec
892 3944 955 4000 Otto
982 3976 1015 3985 -
1043 3949 1079 4000 99
1102 3943 1246 3999 dioneae.
1267 3987 1272 3997 .
1293 3987 1299 3998 .
1319 3941 1479 4012 columbam
1502 3946 1608 3998 coir]
1635 3972 1669 3982 -

337 4040 372 4089 99
391 4038 420 4090 at
437 4037 547 4090 addidit
562 4052 576 4088 o
593 4035 740 4089 omum
759 4035 835 4089 codd.
855 4067 888 4076 -
908 4039 942 4088 99
960 4033 1038 4088 lusus
1052 4034 1238 4090 Baetreaeiaa
1265 4033 1329 4088 litas
1343 4033 1571 4089 hmdmocmiaa
1596 4029 1670 4086 riaaa

339 4125 559 4197 Lindcabroqtaa
585 4122 656 4178 ritus
675 4123 810 4178 Hcieua'aa
827 4155 861 4164 —
881 4129 915 4178 91
933 4125 1029 4194 grata3
1051 4131 1154 4179 com
1174 4155 1207 4163 —

428 4379 461 4428 79
488 4373 705 4429 Lucr.V11188
733 4373 864 4428 exhausit
886 4372 997 4429 ciuibus
1020 4372 1118 4428 urbem
1141 4372 1230 4428 Oreat.
1249 4375 1323 4444 trag.
1337 4377 1391 4428 999
1420 4372 1514 4429 Sidon.
1533 4373 1563 4430 0.
1577 4372 1603 4427 V
1617 4377 1667 4427 991

338 4463 448 4520 ciuibus
471 4463 610 4519 exhausta
632 4465 676 4518 eat
697 4465 794 4532 (tarra)
821 4495 857 4504 -
884 4469 918 4518 74
937 4462 1135 4518 8111111999
1163 4461 1277 4534 auspice
1295 4463 1409 4518 Phoebo
1436 4495 1471 4505 -
1498 4468 1532 4517 79
1556 4463 1621 4516 Hor.
1640 4460 1670 4516 O.

337 4554 439 4610 liae
463 4553 538 4610 circa
551 4552 619 4608 mite
636 4552 726 4608 solum
739 4551 851 4608 'liburia
870 4585 905 4594 -
924 4557 959 4607 99
977 4552 1063 4608 Theb.
1079 4552 1131 4609 VII
1145 4559 1198 4608 994
1221 4553 1334 4608 moenia
1347 4551 1480 4608 Cirrhaea
1498 4551 1670 4608 monstrauit

338 4641 440 4714 Apollo
454 4642 576 4698 iuuenca
593 4675 627 4684 —
646 4649 680 4698 99
700 4642 750 4700 Ou.
760 4643 827 4698 Mat.
838 4643 889 4697 VII
900 4649 933 4697 99
951 4642 1049 4697 natale
1062 4643 1154 4698 solum
1181 4643 1243 4698 San.
1254 4643 1390 4698 11971994
1410 4642 1485 4697 Suet.
1500 4641 1586 4698 cala
1600 4647 1670 4696 ectr.

339 4736 442 4789 huson
457 4733 524 4788 Vrb.
541 4738 592 4788 199
616 4737 652 4804 (p.
670 4733 758 4802 1aaP)
786 4735 821 4801 cs.
845 4735 882 4788 ad
909 4732 987 4787 111³.
1003 4737 1038 4787 99
1064 4765 1097 4774 -
1126 4736 1160 4786 97
1183 4731 1251 4787 silu.
1270 4733 1309 4788 IV
1323 4739 1348 4787 4.
1363 4737 1398 4786 99
1433 4730 1553 4786 miacent
1579 4729 1672 4801 iurgia

339 4822 416 4895 leges
431 4855 465 4864 —
485 4829 519 4878 99
539 4821 607 4880 Silu.
622 4822 648 4876 11
663 4829 735 4878 acl
756 4822 862 4892 species
881 4821 1029 4890 cultusque
1047 4820 1173 4877 locorum
1187 4853 1221 4862 -
1241 4827 1344 4890 assaqq.
1362 4823 1397 4890 cf.
1415 4820 1442 4875 V
1455 4826 1481 4875 9.
1496 4826 1548 4876 194
1556 4836 1616 4889 sqq.
1635 4850 1672 4860 -

341 4918 374 4968 97
394 4913 496 4968 huson.
516 4911 620 4983 Gryph.
635 4917 669 4968 89
684 4929 722 4984 ῳ.
737 4911 827 4982 904Ρ)
846 4911 983 4967 fatidicae
1001 4955 1008 4967 .
1029 4954 1035 4965 .
1056 4955 1061 4966 .
1082 4911 1208 4982 Sibyllae
1228 4943 1262 4952 -
