3775 5567
726 207 740 242 6

713 466 899 523 smvaavm
917 466 982 520 1vr
1001 466 1066 522 lvs
1119 418 1121 423 Α

885 739 905 803 8

500 846 615 948 Pande
634 882 720 947 fores
738 901 892 965 superum
911 880 1094 967 uittataque
1115 879 1238 966 templa
1256 880 1390 970 Sabaeis

438 989 583 1056 nubibus
606 992 639 1055 et
662 987 822 1074 pecudum
844 988 937 1054 fibris
961 988 1164 1074 spirantibus
1187 988 1301 1075 imple,

440 1098 659 1182 Parthenope!
695 1095 772 1161 clari
796 1117 900 1183 genus
923 1118 996 1162 ecce
1018 1095 1212 1161 Menecratis
1234 1101 1333 1183 auget

439 1204 536 1272 tertia
554 1205 618 1270 iam
636 1203 780 1270 suboles:
817 1225 989 1289 procerum
1011 1202 1073 1269 tibi
1092 1202 1203 1269 nobile
1222 1204 1340 1292 uulgus

437 1312 553 1379 crescit
575 1316 609 1377 ct
631 1312 735 1377 insani
759 1310 883 1377 solatur
905 1312 1022 1376 damna
1044 1310 1174 1377 Veseui.

438 1443 499 1487 nec
521 1420 626 1487 solum
648 1420 749 1486 festas
772 1423 896 1484 secreta
916 1416 1075 1503 Neapolis
1098 1440 1169 1483 aras

438 1528 574 1595 ambiat:
610 1530 644 1593 et
667 1526 746 1592 socii
769 1530 886 1611 portus
908 1524 1089 1612 dilectaque
1113 1524 1186 1591 miti

438 1641 524 1702 terra
545 1633 722 1701 Dicarcheo
745 1655 893 1700 necnon
916 1632 1015 1721 plage
1038 1655 1111 1699 cara
1134 1633 1275 1699 madenti

436 1742 627 1810 Surrentina
649 1741 708 1807 deo
732 1741 828 1807 sertis
851 1740 966 1807 altaria
989 1741 1113 1829 cingat,

437 1850 575 1916 materni
599 1872 663 1936 qua
685 1849 764 1915 litus
787 1848 854 1934 aui,
878 1870 974 1934 quem
998 1847 1096 1914 turba
1117 1852 1275 1933 nepotum

438 1958 553 2024 circuit
575 1962 608 2023 ct
631 1956 753 2023 similes
776 1955 943 2023 contendit
965 1955 1097 2023 reddere
1121 1956 1239 2023 uultus.

436 2065 576 2153 gaudeat
598 2069 632 2129 et
653 2063 779 2149 Libyca
801 2062 984 2150 praesignis
1007 2062 1185 2129 auunculus
1207 2063 1302 2129 hasta

436 2195 582 2257 quaeque
605 2172 670 2238 sibi
693 2170 824 2259 genitos
845 2174 942 2255 putat
964 2170 1151 2255 attollitque
1175 2169 1317 2257 benigno

435 2280 528 2346 Polla
550 2280 632 2345 sinu.
654 2316 692 2327 -
714 2282 833 2364 macte,
855 2301 874 2344 o
899 2278 1039 2362 iuuenis,
1063 2278 1118 2363 qui
1142 2282 1234 2343 tanta
1257 2277 1394 2343 merenti

330 2399 333 2403 ⁴
434 2388 557 2453 lumina
580 2387 637 2452 das
661 2386 798 2471 patriae!
834 2384 937 2451 dulcis
961 2385 1072 2453 tremit
1095 2408 1166 2451 ecoe
1190 2384 1364 2470 tumultus,

435 2500 487 2561 tot
509 2494 648 2560 dominis
671 2478 809 2558 clamata
832 2492 954 2558 domus.
1000 2492 1115 2578 procul
1138 2496 1209 2559 atra
1231 2492 1359 2558 recedat

433 2601 561 2667 Inuidia
582 2606 680 2686 atque
703 2600 768 2665 alio
791 2599 928 2665 liuentia
950 2604 1083 2685 pectora
1105 2600 1228 2665 flectat:

434 2710 486 2774 his
510 2708 635 2774 senium
657 2708 839 2795 longaeque
863 2708 959 2772 decus
983 2707 1115 2773 uirtutis
1139 2710 1172 2772 et
1194 2706 1270 2772 alba

433 2805 580 2901 Atropos
603 2820 636 2881 et
658 2814 785 2901 patrius
806 2814 915 2879 lauros
938 2814 1091 2899 promisit
1113 2813 1242 2899 Apollo.

435 2947 512 3013 ergo
537 2922 624 3009 quod
645 2922 809 2988 Ausoniae
833 2926 927 3007 pater
950 2921 1199 3009 augustissimus
1222 2920 1323 2986 Vrbis

434 3031 485 3096 ius
507 3030 570 3095 tibi
594 3029 792 3116 tergeminae
816 3028 948 3094 dederat
970 3028 1123 3093 laetabile
1146 3028 1260 3113 prolis,

435 3160 530 3202 omen
553 3142 630 3202 erat.
676 3136 768 3202 uenit
790 3136 912 3201 totiens
934 3136 1057 3202 Lucina
1079 3136 1235 3221 piumque

434 3243 571 3310 intrauit
593 3243 734 3329 repetita
756 3243 865 3309 larem.
910 3243 958 3308 sic
981 3242 1111 3329 fertilis,
1134 3265 1205 3329 oro,

433 3356 498 3419 stet
522 3351 636 3417 domus
659 3356 693 3416 et
716 3350 809 3416 donis
830 3373 1010 3435 numquam
1032 3353 1158 3416 mutata
1180 3351 1321 3417 sacratis.

434 3463 538 3525 macte
562 3458 648 3543 quod
672 3462 707 3524 et
727 3458 837 3543 proles
859 3458 923 3523 tibi
945 3457 1076 3543 saepius
1099 3461 1194 3523 aucta
1219 3458 1306 3524 uirili

432 3566 563 3651 robore,
586 3566 642 3631 sed
664 3565 774 3631 iuueni
798 3565 948 3631 laetanda
970 3569 1004 3631 et
1026 3564 1120 3652 uirgo
1144 3565 1273 3651 parenti

433 3674 557 3762 (aptior
578 3673 630 3739 his
653 3673 771 3760 uirtus,
794 3672 891 3739 citius
913 3671 1006 3738 dabit
1028 3670 1085 3737 illa
1106 3670 1271 3761 nepotes):

433 3780 538 3867 qualis
561 3779 715 3847 maternis
737 3779 861 3845 Helene
883 3780 949 3846 iam
972 3778 1070 3867 digna
1093 3779 1263 3865 palaestris

310 4018 326 4065 a
354 4011 555 4067 Gratulatio
583 4009 625 4066 ad
651 4010 778 4066 Iulium
805 4012 1025 4067 Menecraten
1053 4042 1087 4053 —-
1115 4009 1339 4077 3Menecratea3
1368 4026 1437 4065 corr.
1456 4028 1493 4063 ac
1522 4042 1555 4051 -

220 4108 237 4156 8
259 4100 394 4157 dicachcn
409 4100 672 4172 (dicarchei.alta);
691 4117 761 4157 corr.
775 4100 962 4157 Baetaenaius
988 4098 1107 4169 mitis(c)
1179 4098 1351 4154 Dicarcheae
1370 4099 1557 4155 Marklandas

219 4224 255 4233 —
275 4196 306 4245 11
331 4189 418 4245 simili
490 4188 572 4245 uultu
591 4190 726 4247 Habonius
744 4222 777 4231 -
798 4196 831 4245 lt
856 4188 933 4245 dulci
956 4192 990 4245 tr.
1011 4189 1117 4259 (fremit
1135 4190 1280 4259 Haase)
1300 4204 1322 4243 e.
1346 4188 1470 4243 tumultu
1489 4206 1503 4242 o
1522 4220 1555 4229 —

220 4286 253 4335 19
276 4280 357 4336 lauro
375 4281 469 4350 (diam
487 4280 547 4351 Δ·);
570 4280 665 4335 lauros
685 4287 727 4335 ςι
745 4312 779 4321 -
799 4286 833 4334 74
856 4280 966 4335 nudata
980 4279 1169 4335 Martiandas
1187 4311 1222 4320 —
1240 4284 1274 4333 26
1293 4277 1381 4334 letam
1400 4278 1463 4347 dat;
1486 4294 1555 4333 corr.

223 4369 339 4427 Vollmer
356 4368 530 4440 (laetandast
547 4370 743 4439 Baehrensias)
771 4384 849 4440 spem
868 4367 887 4424 i.
905 4368 1013 4423 laeam
1031 4367 1082 4424 dat
1099 4368 1232 4425 Horisius
1251 4400 1283 4409 -

310 4590 335 4639 a.
356 4590 371 4639 1
400 4584 469 4639 Silu.
489 4584 502 4637 1
521 4590 546 4640 7.
568 4590 600 4639 17
628 4584 722 4655 pande
744 4583 819 4639 sores
847 4616 882 4625 -
910 4590 927 4639 7
950 4583 1034 4654 Verg.
1053 4582 1189 4639 11764
1207 4581 1347 4654 spirantia
1366 4626 1372 4637 .
1393 4626 1400 4639 .
1420 4625 1426 4639 .
1445 4582 1512 4637 exta
1530 4588 1556 4638 et

218 4676 329 4746 saepiae
350 4706 387 4716 -
410 4680 428 4728 4
454 4674 558 4729 Lucan.
577 4674 668 4728 11331
692 4672 779 4729 tertia
800 4672 859 4728 iam
882 4672 995 4729 suboles
1018 4706 1051 4715 -
1078 4678 1110 4727 13
1134 4672 1202 4729 Silu.
1217 4672 1242 4727 V
1256 4678 1281 4727 7.
1292 4678 1325 4727 77
1349 4672 1476 4743 genitum
1500 4670 1556 4726 sibi

219 4762 304 4819 Curia
321 4762 411 4819 senat
427 4766 463 4832 ct.
482 4763 508 4817 11
524 4770 548 4819 1.
558 4768 591 4817 81
611 4795 647 4806 —
667 4769 701 4818 18
719 4763 822 4820 Lucan.
838 4763 863 4817 11
878 4769 930 4818 768
949 4762 1052 4834 longao
1066 4762 1187 4833 pretium
1205 4760 1320 4817 uirtutis
1339 4793 1373 4803 —
1393 4766 1426 4815 19
1444 4760 1510 4816 Hor.
1526 4760 1554 4817 C.

219 4852 310 4908 1778
324 4855 418 4908 certus
432 4852 507 4908 enim
520 4852 651 4923 promisit
659 4852 761 4924 Apollo
771 4860 850 4907 -77
865 4852 1079 4908 saumana
1093 4850 1137 4907 bis
1152 4852 1189 4907 ad
1203 4853 1301 4923 partus
1315 4849 1509 4906 uenitLucina
1520 4884 1554 4894 -

219 4948 254 4997 78
273 4941 341 4998 Sila.
352 4942 378 4998 V
389 4948 412 4997 1.
422 4948 473 4998 145
492 4942 626 5014 piumque
643 4941 764 4998 intrauit
781 4940 826 4997 uia
844 4959 930 5004 saera
948 4941 1037 4997 larem
1055 4974 1090 4987 -
1108 4947 1143 4997 78
1162 4942 1196 5009 es.
1211 4940 1503 5013 Prop.11114.17sqq.
1519 4972 1555 4987 -·
