3775 5567
745 459 931 514 suvauvu
951 459 964 512 i
986 467 1003 512 4

425 621 587 710 frangitur
609 626 642 688 et
664 627 791 688 nostras
815 627 905 688 curat
929 621 1078 688 facundia
1100 621 1197 708 leges.

426 752 523 815 quare
547 753 621 817 age,
644 730 671 794 si
696 729 803 796 Cereri
826 752 884 795 sua
907 731 991 796 dona
1013 750 1201 813 merumque
1224 728 1331 812 Lyaeo

424 837 587 903 reddimus
610 841 643 904 et
666 837 756 903 diues
779 838 916 923 praedae
940 841 1050 902 tamen
1072 837 1191 921 accipit
1213 836 1301 902 omni

425 945 558 1010 exuuias
580 944 685 1011 Diana
708 945 799 1011 tholo
824 945 1017 1030 captiuaque
1041 944 1106 1009 tela

425 1051 640 1137 Bellipotens:
663 1074 722 1117 nec
745 1058 795 1138 tu,
820 1052 948 1138 quando
971 1052 1048 1138 tibi,
1071 1051 1206 1134 Gallice,
1229 1051 1332 1116 maius

427 1160 591 1245 eloquium
615 1159 767 1245 fandique
791 1159 910 1245 opibus
933 1158 1084 1225 sublimis
1107 1158 1261 1242 abundas,

425 1289 541 1351 sperne
565 1265 627 1332 coli
650 1265 797 1332 tenuiore
815 1266 893 1351 lyra.
931 1288 1015 1353 nega
1038 1265 1180 1352 cingitur
1202 1264 1300 1329 astris

424 1375 502 1440 luna
525 1377 558 1438 et
581 1373 616 1438 in
638 1395 793 1440 oceanum
815 1373 878 1439 riui
902 1374 1044 1463 cecidere
1067 1373 1216 1438 minores.

515 1503 597 1567 quae
620 1481 682 1546 tibi
706 1481 864 1547 sollicitus
887 1480 1048 1566 persoluit
1070 1479 1214 1564 praemia
1237 1501 1362 1545 morum

426 1589 526 1656 Vrbis
548 1590 651 1655 amori
688 1611 769 1674 quae
793 1592 863 1654 tum
886 1593 1081 1673 patrumque
1104 1587 1316 1672 equitumque
1339 1587 1451 1651 notaui

424 1697 547 1763 lumina
569 1701 603 1762 et
625 1696 756 1784 ignarae
780 1696 887 1781 plebis
910 1696 1022 1783 lugere
1045 1697 1209 1780 potentes!

425 1827 490 1871 non
513 1803 642 1869 labente
665 1802 773 1871 Numa
797 1803 906 1869 timuit
929 1803 975 1868 sic
998 1802 1095 1869 Curia
1118 1803 1197 1868 felix

429 1912 582 1997 Pompeio
605 1934 665 1977 nec
683 1912 787 1978 celsus
811 1933 909 1997 eques
932 1932 991 1976 nec
1014 1910 1134 1976 femina
1156 1909 1266 1976 Bruto.

426 2018 488 2084 hoc
511 2018 606 2084 illud:
630 2019 734 2084 tristis
758 2018 897 2084 inuitum
920 2018 1031 2083 audire
1054 2021 1192 2105 catenas,

427 2147 557 2210 parcere
580 2125 772 2191 uerberibus
795 2147 854 2190 nee
878 2146 941 2210 qua
963 2123 1056 2190 iubet
1078 2123 1145 2190 elta
1167 2129 1312 2209 potestas

426 2233 486 2320 ire,
509 2233 565 2298 sed
588 2237 728 2298 armatas
750 2233 889 2298 multum
912 2231 977 2296 sibi
1001 2231 1127 2298 demere
1150 2231 1237 2297 uires

427 2340 617 2427 dignarique
641 2362 755 2405 manus
778 2339 910 2405 humilis
933 2344 967 2404 et
989 2338 1090 2405 uerba
1113 2345 1310 2424 precantum,

428 2446 559 2514 reddere
582 2448 652 2513 iura
674 2449 745 2513 foro
767 2469 826 2512 neo
849 2446 1043 2533 proturbare
1066 2447 1193 2512 curules

427 2561 461 2620 et
483 2557 604 2620 ferrum
627 2555 766 2620 mulcere
790 2559 876 2642 toga.
913 2554 960 2620 sio
982 2554 1049 2619 itur
1071 2555 1105 2619 in
1128 2554 1194 2619 alta

428 2665 567 2747 pectora,
591 2661 637 2727 sic
660 2662 763 2727 mixto
787 2661 969 2726 reuerentia
990 2661 1062 2725 fidit
1085 2661 1195 2727 amori.
1219 2699 1263 2708 -

428 2770 499 2855 ipsa
522 2769 619 2836 etism
643 2773 776 2834 cunctos
799 2768 909 2856 grauis
932 2768 1139 2834 inclementis
1160 2769 1219 2834 fati

426 2876 544 2942 terruit
566 2881 599 2942 et
622 2876 725 2942 subiti
747 2898 904 2961 praeceps
926 2875 1069 2941 iuuenile
1092 2876 1206 2963 pericli

426 2984 474 3049 nil
496 2988 668 3049 cunctante
691 2983 786 3049 malo.
822 3004 888 3048 nen
911 2983 992 3048 illud
1015 2983 1112 3068 culpa
1134 2989 1291 3072 senectae,

430 3091 553 3177 quippe
577 3113 614 3156 ea
638 3091 690 3156 bis
714 3091 800 3157 senis
823 3091 956 3156 uixdum
979 3113 1053 3156 orsa
1075 3091 1228 3158 excedere
1251 3091 1375 3177 lustris3

427 3199 483 3264 sed
505 3199 599 3264 labor
622 3199 791 3264 intendens
814 3198 977 3283 animique
1000 3197 1034 3262 in
1052 3198 1199 3264 membre
1221 3199 1363 3286 uigentis

427 3306 600 3391 imperium
623 3305 804 3392 uigilesque
828 3327 885 3370 suo
910 3327 970 3390 pro
994 3304 1128 3370 Caesare
1151 3327 1255 3394 curae,

428 3413 519 3480 dulce
543 3435 626 3498 opus
640 3451 682 3460 —
697 3412 772 3478 hinc
792 3413 893 3478 fessos
912 3412 1044 3497 penitus
1062 3413 1228 3499 subrepsit
1245 3415 1280 3479 in
1298 3419 1388 3479 artus

427 3521 581 3587 insidiosa
604 3521 695 3605 quies
719 3525 752 3585 et
774 3520 869 3606 pigra
892 3519 1016 3586 obliuio
1039 3519 1135 3587 uitae.

304 3704 339 3753 34
361 3714 533 3766 quamquam
555 3696 610 3752 tibi
633 3697 775 3752 Basileios
800 3729 833 3737 —
862 3701 897 3751 40
920 3698 1050 3766 potentes
1073 3699 1155 3753 ctiam
1173 3698 1210 3751 Δ·
1238 3729 1271 3738 -
1299 3705 1334 3753 43
1358 3697 1427 3752 sidit
1452 3714 1547 3752 amore

215 3787 356 3843 uestem
374 3819 409 3828 —-
428 3793 462 3840 55
481 3785 633 3858 uigiliaque
653 3805 674 3843 s.
689 3805 716 3856 p.
732 3785 759 3841 (1.
776 3803 858 3840 curae
878 3785 960 3841 didce
979 3803 1051 3858 opus
1071 3786 1229 3843 Groaouius
1247 3819 1281 3828 -

304 3954 336 4002 31
352 3965 411 4018 sqq.
435 3951 471 4018 ef.
490 3947 551 4003 Tib.
575 3965 640 4019 pan.
668 3947 696 4001 in
719 3947 1012 4017 Mess.1117.7sqq.
1041 3979 1074 3988 -
1103 3954 1137 4002 33
1156 3946 1239 4018 Verg.
1259 3947 1411 4004 alxror
1439 3949 1464 4002 si
1491 3967 1547 4020 qua

215 4037 312 4105 (dena)
340 4037 399 4106 ipse
427 4036 497 4093 meis
523 4036 673 4091 uenatibus
701 4036 768 4091 auxi
796 4035 965 4108 suspendiue
992 4035 1071 4091 tholo
1098 4039 1134 4105 es.
1153 4035 1240 4092 Theb.
1260 4037 1298 4092 1v
1312 4044 1364 4092 333
1392 4039 1418 4092 Π
1438 4043 1489 4093 734
1513 4071 1547 4080 -

215 4131 250 4179 36
268 4126 381 4197 Sappho
401 4127 433 4182 fr.
454 4133 469 4181 3
499 4127 612 4196 ἄστερες
637 4125 688 4196 μὲν
716 4125 789 4196 ἀμφὶ
812 4125 902 4180 κοίλαν
930 4125 1069 4181 esidorus
1097 4123 1162 4195 αἶψ’
1188 4127 1550 4199 ἂιοκρύπτοισιφάεννον

215 4211 290 4279 εἶδος
317 4215 427 4271 druove
454 4215 597 4283 πλήθοισα
624 4214 742 4286 μάλιστα
770 4213 864 4285 λάμπῃ
896 4215 1085 4270 Hor.c.112.
1105 4221 1139 4269 41
1167 4217 1246 4272 uelut
1273 4217 1348 4272 inter
1372 4217 1453 4288 ignes
1480 4217 1549 4272 luna

215 4303 335 4359 minores
362 4306 398 4375 es.
417 4307 455 4362 od
473 4305 640 4360 11131-
661 4303 1549 4374 81111.ΙΙΙ3641111311...1111111-4161111.Ν4.160111111

214 4392 282 4448 felix
301 4426 336 4434 -
354 4401 389 4448 42
408 4393 511 4450 Lucan.
534 4394 582 4448 VII
597 4400 630 4447 37
655 4397 683 4450 te
702 4393 791 4450 mixto
814 4393 908 4450 flesset
926 4393 1005 4450 luctu
1027 4393 1193 4464 iuuenisque
1212 4413 1352 4466 senexque
1371 4396 1549 4465 iniussusque

214 4499 292 4552 puer,
311 4485 464 4539 lacerasset
482 4483 558 4538 crine
576 4485 668 4538 soluto
687 4486 801 4556 pectora
820 4483 972 4540 femineum
990 4500 1042 4539 ceu
1055 4484 1137 4538 Bruti
1153 4484 1250 4540 funere
1264 4485 1365 4558 uolgus
1384 4517 1419 4528 -
1437 4492 1472 4540 43
1486 4487 1548 4541 Ter.

215 4573 301 4627 Andr.
321 4579 372 4628 iao
396 4574 448 4629 hoo
471 4573 544 4628 illud
567 4577 610 4628 est
642 4575 678 4642 cs.
697 4574 819 4630 8111111111
838 4575 875 4630 od
892 4575 918 4629 11.
939 4576 957 4630 1.
987 4573 1069 4645 Verg.
1089 4575 1157 4630 Aen.
1176 4574 1215 4629 lv
1233 4581 1286 4630 633
1308 4575 1363 4630 hoc
1383 4575 1464 4644 illud,
1487 4591 1549 4645 ger·

215 4677 308 4732 mana,
327 4661 434 4716 ruit-
453 4669 488 4717 41
507 4662 605 4720 Manil.
624 4663 651 4718 ll
669 4668 721 4718 316
739 4664 855 4720 reddere
879 4663 942 4718 iura
965 4663 1025 4718 foro
1049 4695 1082 4704 -
1107 4671 1142 4718 43
1165 4663 1233 4720 Situ.
1254 4665 1279 4719 V
1298 4671 1322 4720 2.
1342 4670 1377 4719 68
1400 4663 1550 4733 imperium

215 4751 355 4806 mulcente
374 4755 442 4822 toga
465 4785 499 4794 -
523 4751 605 4823 Verg.
626 4753 658 4808 A.
678 4752 754 4806 Vflll
771 4759 821 4808 641
842 4753 882 4808 sic
905 4752 963 4806 itur
985 4753 1024 4808 ad
1042 4755 1120 4808 astra
1148 4785 1182 4794 -
1210 4759 1244 4809 66
1264 4752 1366 4808 Catuli.
1385 4753 1496 4808 LXXVI
1515 4761 1548 4808 ’21

215 4839 369 4912 subrepens
387 4841 459 4897 imos
478 4846 511 4897 ut
531 4845 627 4913 torpor
646 4841 677 4897 in
695 4845 772 4898 artus
809 4842 913 4898 Lneen.
928 4842 955 4896 Π
969 4847 1021 4899 330
1035 4841 1183 4912 nullosque
1202 4841 1317 4897 Catonis
1335 4842 1366 4896 in
1384 4845 1465 4897 actus
1483 4843 1549 4899 sub·

214 4931 304 5002 repsit
375 4931 514 5004 Voluptas
543 4931 607 4986 CIL
622 4931 647 4986 V
662 4936 739 4988 3737.
757 4939 789 4986 12
812 4932 905 4988 nullos
926 4931 1067 5004 subrepsit
1085 4932 1116 4987 in
1134 4935 1215 4988 aetus
1229 4931 1348 4988 ambitio
1372 4964 1406 4974 -
1430 4939 1464 4988 67
1482 4933 1549 4989 Hor.
