3775 5567
691 403 877 462 sruvaavu
896 405 907 458 1
928 411 953 460 a.
976 403 1002 460 u
1021 406 1109 478 praes.

785 846 947 919 LIBER
973 845 1010 918 Il

597 1021 741 1070 sumus
766 1019 913 1069 munioni
938 1019 1003 1069 SVO
1028 1020 1192 1070 SALVTEM

314 1139 366 1236 Et
389 1165 592 1232 familiaritas
615 1171 726 1232 nostra
749 1189 813 1250 qua
835 1165 974 1252 gaudeo,
997 1163 1125 1248 Melior,
1153 1163 1205 1228 uir
1227 1163 1350 1248 optime
1373 1187 1433 1229 nec
1455 1164 1563 1230 minus

227 1273 260 1340 in
290 1273 406 1339 iudicio
434 1272 615 1338 litterarum
644 1297 740 1358 quam
769 1273 803 1337 in
830 1272 918 1338 omni
950 1271 1036 1336 uitae
1067 1272 1173 1336 colore
1206 1271 1395 1355 tersissime,
1426 1277 1459 1337 et
1491 1272 1563 1358 ipsa

227 1381 457 1467 opusculorum
480 1403 562 1467 quae
586 1379 647 1448 tibi
675 1381 767 1446 trado
792 1379 935 1446 condicio
964 1379 1010 1444 sic
1037 1378 1144 1464 posita
1173 1383 1235 1466 est,
1263 1384 1300 1444 ut
1325 1384 1415 1446 totus
1443 1380 1495 1445 hic
1522 1381 1562 1445 ad

227 1494 258 1554 te
286 1488 369 1554 liber
396 1511 486 1554 meus
517 1488 614 1554 etiam
647 1489 716 1554 sine
749 1487 887 1573 epistola
920 1490 1053 1572 spectet.
1099 1486 1239 1572 primum
1272 1485 1358 1552 enim
1389 1485 1487 1552 habet
1512 1487 1561 1572 [l]

225 1595 390 1662 Glauciam
413 1599 574 1683 nostrum,
601 1596 691 1662 cuius
719 1595 903 1684 gratissima
930 1594 1067 1662 infantia
1092 1597 1125 1659 et
1148 1592 1276 1680 qualem
1299 1593 1487 1679 plerumque
1510 1594 1556 1660 in·
1592 1614 1608 1661 a

223 1703 334 1769 felices
366 1703 545 1770 sortiuntur
572 1743 616 1751 —
643 1704 729 1789 apud
761 1708 794 1767 te
827 1702 1014 1788 complexus
1046 1701 1193 1766 amabam
1221 1739 1264 1748 —
1292 1701 1356 1766 iam
1388 1723 1453 1766 non
1485 1701 1555 1767 tibi.

223 1811 320 1878 huius
343 1811 453 1878 amissi
476 1834 586 1876 reeens
609 1812 736 1897 uulnus,
758 1815 795 1875 ut
818 1810 889 1896 scis,
913 1808 1055 1896 epicedio
1072 1813 1263 1895 prosecutus
1281 1830 1351 1874 eum
1371 1810 1449 1875 adeo
1468 1810 1556 1875 festi-

222 1923 347 2004 nanter,
370 1923 406 1985 ut
430 1920 643 1985 excusandam
666 1918 835 1984 habuerim
858 1918 1029 1984 affectibus
1051 1917 1117 1982 luis
1139 1916 1344 1982 celeritatem.
1390 1938 1449 1983 nee
1471 1940 1557 1984 nunc

223 2049 294 2091 eam
317 2027 401 2112 apud
425 2031 458 2092 te
481 2025 580 2112 iacta,
608 2027 663 2112 qui
687 2026 787 2111 nosti,
815 2026 871 2092 sed
894 2031 927 2090 et
950 2025 1066 2091 ceteris
1089 2024 1208 2109 indico,
1234 2046 1276 2090 ne
1299 2024 1372 2110 quis
1395 2025 1555 2110 asperiore

221 2132 300 2200 lima
322 2155 451 2200 carmen
477 2133 640 2199 examinet
668 2139 701 2198 et
728 2157 747 2198 a
774 2133 907 2199 confuso
935 2132 1091 2218 seriptum
1120 2137 1153 2198 et
1180 2132 1303 2198 dolenti
1331 2132 1455 2218 datum,
1482 2155 1555 2197 cum
1575 2153 1609 2202 10

221 2263 322 2327 paene
350 2263 548 2327 superuacua
580 2241 646 2306 sint
679 2241 770 2307 tarda
793 2241 921 2306 solacia.
967 2239 1052 2306 Polli
1080 2239 1144 2306 mei
1167 2239 1216 2325 [2]
1250 2238 1330 2304 uilla
1357 2238 1556 2326 Surrentina,

221 2364 303 2434 quae
326 2348 480 2433 sequitur,
504 2349 616 2415 debuit
639 2371 657 2413 a
680 2371 731 2413 me
755 2349 808 2413 uel
829 2347 862 2412 in
881 2348 1036 2414 honorem
1057 2347 1260 2433 eloquentiae
1279 2347 1348 2413 eius
1367 2347 1554 2434 diligentius

221 2455 293 2542 dici,
315 2456 372 2521 sed
394 2456 515 2522 amicus
538 2455 675 2543 ignouit.
716 2456 749 2520 in
773 2455 920 2521 arborem
942 2455 988 2538 [3]
1010 2460 1096 2520 certe
1119 2460 1217 2541 tuam,
1240 2454 1364 2539 Melior,
1387 2459 1420 2519 et
1441 2455 1555 2541 psitta-

220 2584 293 2628 cum
319 2562 367 2650 [4]
395 2563 458 2629 scis
490 2587 509 2628 a
541 2586 592 2629 me
624 2563 713 2628 leues
745 2563 873 2628 libellos
906 2563 998 2649 quasi
1030 2561 1272 2650 epigrammatis
1303 2561 1375 2627 loco
1408 2563 1554 2647 scriptos.

220 2670 353 2736 eandem
382 2670 534 2758 exigebat
561 2670 629 2737 stili
657 2669 846 2736 facilitatem
872 2673 918 2754 [5]
947 2671 1000 2736 leo
1027 2674 1228 2753 mansuetus,
1257 2691 1351 2755 quem
1375 2669 1409 2733 in
1431 2670 1552 2755 amphi·
1574 2690 1606 2738 15

219 2777 347 2843 theatro
376 2782 573 2864 prostratum
606 2777 760 2866 frigidum
793 2781 862 2842 erat
894 2777 1110 2843 sacratissimo
1146 2777 1337 2863 Imperatori
1372 2776 1407 2841 ni
1443 2776 1554 2842 statim

218 2885 386 2952 traderem.
433 2886 473 2950 ad
491 2885 611 2952 Vrsum
635 2907 763 2971 quoque
786 2891 947 2970 nostrum,
970 2885 1120 2951 iuuenem
1143 2884 1405 2950 candidissimum
1428 2889 1462 2949 et
1484 2883 1553 2949 sine

218 2991 342 3058 iactura
365 2992 504 3060 desidiae
528 2993 764 3080 doctissimum,
791 2993 944 3079 scriptam
968 2993 1006 3058 de
1034 2992 1152 3058 amisso
1176 3014 1276 3078 puero
1300 2992 1553 3058 consolationem

220 3102 267 3182 [6]
292 3123 389 3186 super
412 3123 449 3165 ea
472 3123 554 3186 quae
577 3099 640 3186 ipsi
664 3100 764 3166 debeo
787 3100 863 3165 huic
883 3101 968 3166 libro
987 3101 1129 3166 libenter
1146 3099 1276 3185 inserui,
1299 3099 1375 3184 quia
1397 3100 1552 3165 honorem

218 3205 288 3271 eius
315 3205 379 3271 tibi
405 3206 530 3271 laturus
558 3212 698 3292 accepto.
744 3207 886 3272 excludit
914 3208 1066 3272 uolumen
1090 3207 1140 3292 [7]
1169 3207 1395 3294 genethliacon
1422 3205 1552 3294 Lucani,
1571 3225 1606 3274 uo

218 3313 304 3398 quod
326 3313 419 3379 Polla
441 3312 650 3402 Argentaria,
677 3313 840 3380 rarissima
867 3335 1018 3400 uxorum,
1046 3336 1119 3379 cum
1146 3315 1232 3380 hunc
1260 3314 1344 3380 diem
1371 3315 1456 3380 forte
1479 3337 1552 3380 con-

217 3421 409 3507 suleremus,
431 3420 585 3506 imputari
609 3420 672 3487 tibi
695 3421 809 3487 uoluit.
843 3442 904 3509 ego
927 3444 993 3487 non
1015 3421 1108 3507 potui
1131 3421 1285 3488 maiorem
1308 3422 1391 3487 tanti
1410 3422 1551 3488 auctoris

217 3528 337 3594 habere
361 3529 574 3595 reuerentiam
598 3551 694 3614 quam
718 3530 805 3615 quod
831 3529 941 3595 laudes
970 3528 1038 3594 eius
1062 3529 1206 3596 dicturus
1232 3529 1437 3596 hexametros
1462 3553 1551 3596 meos

217 3635 334 3701 timuis
366 3637 445 3702 haee
473 3637 718 3722 qualiacumque
746 3641 835 3720 sunt,
864 3636 981 3703 Melior
1007 3637 1184 3724 carissime,
1211 3637 1238 3703 si
1267 3639 1328 3704 tibi
1354 3661 1420 3705 non
1443 3639 1549 3725 displi-

217 3743 350 3830 cuerint,
373 3767 393 3809 a
415 3749 448 3810 te
470 3745 639 3832 publicum
662 3745 829 3832 accipiant,
852 3744 880 3810 si
903 3744 1019 3832 minus,
1042 3745 1156 3810 adme
1179 3751 1393 3812 reuertentur.
1567 3760 1601 3808 25

306 3945 320 3994 1
341 3941 596 4011 Praescriptiomm,
614 3957 683 4011 quae
701 3941 772 3995 deest
790 3941 822 3994 ia
839 3957 870 4008 a,
889 3957 922 3995 ea
940 3939 1031 3996 codice
1040 3939 1141 4011 Popps'i
1153 3943 1250 3996 testari
1263 3942 1376 3997 eidam
1389 3941 1549 3999 Politicaus

216 4034 277 4082 -3
291 4029 328 4084 ad
341 4031 371 4086 te
386 4030 504 4086 Vollmer
531 4029 608 4084 altae
626 4033 679 4082 11²
711 4028 768 4084 alte
783 4029 817 4082 3¹
850 4029 922 4084 alter
941 4029 1071 4082 amsa
1084 4032 1305 4101 —4expectet;
1324 4048 1393 4087 cerr.
1408 4031 1547 4088 Baehren-

214 4121 282 4188 sa'as,
300 4121 349 4190 qui
366 4121 477 4190 sermeit
494 4119 567 4175 alter
586 4163 592 4174 .
609 4163 636 4174 ..
657 4117 779 4190 epistola
798 4118 834 4173 ad
853 4120 881 4173 te
901 4121 1011 4190 spectet
1026 4151 1059 4160 -
1079 4125 1166 4189 bsqq.
1185 4119 1377 4190 gratissimam
1396 4120 1548 4177 infantiam

296 4207 458 4280 sortiuntur,
564 4209 704 4264 amabam.
747 4208 805 4264 iam
832 4225 898 4264 nero
926 4208 980 4262 tihi
1007 4209 1091 4264 huius
1199 4228 1225 4279 a,
1258 4218 1290 4265 ut
1316 4229 1403 4282 supra
1428 4215 1549 4269 distinct

224 4297 347 4367 Vollmer,
361 4306 497 4369 punctum
514 4307 575 4370 post
593 4298 647 4353 tibi
665 4301 788 4356 cernitur
805 4301 837 4355 ia
854 4303 882 4352 Ι
899 4330 934 4339 -
954 4305 987 4353 12
1006 4299 1124 4367 honor03
1143 4309 1246 4356 coras
1275 4333 1309 4342 -
1339 4307 1371 4356 16
1391 4302 1546 4372 utstatim,

214 4387 334 4443 tradere.
349 4389 485 4444 Bantius
503 4421 539 4430 -
558 4394 593 4443 20
606 4391 657 4444 est.
676 4387 767 4444 cludit
780 4389 948 4460 Maduiqiaa
966 4420 1001 4429 —
1020 4395 1052 4442 21
1068 4388 1275 4444 consuleremus
1289 4393 1382 4459 (etiam
1396 4394 1462 4461 Δ*);
1481 4409 1547 4447 con·

214 4476 369 4532 sideramus
387 4496 405 4531 ι
437 4478 717 4547 cansyderaremusc
749 4493 973 4534 consecraremus
993 4479 1136 4534 Acantius
1167 4479 1320 4534 coleremus
1339 4481 1497 4538 mumius
1512 4513 1545 4523 —

214 4571 249 4622 22
268 4565 324 4620 sibi
342 4565 446 4634 uoluit,
464 4585 533 4624 corr.
549 4567 667 4624 Vollmer
684 4599 719 4609 -

214 4679 382 4687 -—---..—--
397 4681 416 4686 --

305 4753 320 4798 2
339 4746 405 4802 Hor.
426 4747 483 4802 Sat.
503 4747 528 4802 ll
544 4753 566 4804 1.
578 4753 613 4802 60
631 4747 758 4817 quisquis
778 4747 831 4802 erit
849 4747 935 4816 uitae,
956 4747 1085 4818 scribam,
1104 4749 1181 4806 color
1200 4784 1232 4793 -
