3775 5567
708 466 897 521 smvluvu
913 465 980 522 1th
999 465 1121 537 Vpraef.

795 1615 957 1688 LIBER
985 1616 1016 1689 V

578 1791 724 1841 suamve
747 1790 953 1839 ABASCANTO
978 1790 1043 1840 SVO
1067 1790 1231 1839 SALVTEM

298 1890 464 1989 Omnibus
490 1917 662 1983 affectibus
689 1915 913 2002 prosequenda
940 1920 1017 1983 sunt
1045 1916 1131 1983 bone
1154 1917 1316 2003 exempla,
1343 1940 1417 1983 oum
1443 1916 1572 2003 publice

235 2025 370 2112 prosint.
412 2025 531 2110 pietas,
554 2047 651 2110 quam
668 2022 835 2090 Priscillae
857 2028 933 2089 tuae
956 2026 1115 2111 praestas,
1139 2028 1171 2090 et
1194 2047 1320 2091 morum
1343 2029 1474 2091 tuorum
1498 2048 1573 2109 pars

192 2178 200 2190 ·
233 2139 279 2200 est
314 2137 348 2197 et
383 2132 465 2198 nulli
502 2154 568 2197 non
605 2131 777 2197 conciliare
808 2136 855 2217 te,
891 2130 1065 2215 praecipue
1099 2132 1230 2220 marito,
1268 2136 1386 2218 potest.
1437 2154 1571 2198 uxorem
1608 2148 1625 2195 5

235 2240 321 2305 enim
344 2240 454 2305 uiuam
481 2262 587 2305 amare
615 2238 770 2324 uoluptas
797 2243 860 2324 est,
887 2239 1074 2305 defunctam
1097 2239 1221 2327 religio.
1267 2262 1328 2327 ogo
1361 2241 1469 2305 temen
1496 2238 1572 2305 huic

234 2344 327 2433 operi
349 2370 415 2413 non
438 2352 476 2413 ut
498 2369 618 2413 unuse
641 2347 739 2413 turba
756 2369 816 2413 nec
833 2350 962 2413 tantum
987 2346 1080 2431 quasi
1104 2346 1267 2413 officiosus
1289 2346 1414 2413 adsilui.
1451 2346 1573 2411 amauit

236 2455 322 2520 enim
346 2478 480 2520 uxorem
503 2477 608 2520 meam
630 2454 779 2520 Priscilla
802 2459 836 2520 et
861 2453 998 2519 amando
1021 2454 1099 2521 fecit
1124 2454 1204 2520 mihi
1227 2455 1317 2521 illam
1340 2452 1572 2540 probatiorem3

236 2566 312 2647 post
334 2562 396 2628 hoc
419 2562 566 2649 ingratus
585 2585 673 2650 sum,
696 2562 724 2627 si
746 2562 895 2628 lacrimas
913 2566 987 2628 tuas
1005 2567 1143 2629 transeo,
1184 2567 1351 2648 praeterea
1368 2562 1454 2627 latus
1477 2584 1571 2627 omne

236 2670 365 2735 diuinae
393 2668 507 2735 domus
535 2693 664 2755 semper
692 2670 847 2735 demereri
874 2692 935 2756 pro
963 2692 1034 2736 mea
1063 2670 1285 2736 mediocritate
1312 2670 1446 2736 conitor.
1496 2692 1572 2735 nam
1591 2684 1624 2732 10

237 2777 292 2862 qui
316 2777 486 2843 bonafide
510 2778 587 2842 deos
609 2778 700 2863 colit,
728 2780 815 2842 amat
838 2782 871 2843 et
894 2778 1085 2843 secerdotes.
1130 2778 1186 2843 sed
1214 2777 1362 2863 quamuis
1385 2776 1571 2863 propiorem

236 2906 330 2950 usum
358 2883 518 2950 amicitiae
546 2889 621 2951 tuae
649 2884 841 2970 iampridem
868 2907 1033 2972 cuperem,
1062 2885 1191 2951 mallem
1220 2890 1330 2952 tamen
1355 2884 1499 2952 nondum
1525 2884 1571 2950 in-

238 2992 366 3058 uenisse
389 2991 567 3059 materiam.

327 3222 452 3279 Titulus»
474 3224 570 3279 testari
589 3224 702 3279 uidetur
719 3224 801 3280 etiam
814 3224 852 3277 Δ·
875 3256 910 3265 -
933 3230 1035 3295 dpars
1054 3226 1084 3279 et
1101 3222 1185 3293 nulli;
1212 3226 1255 3278 est
1277 3224 1394 3281 {monuit
1414 3224 1572 3280 Grcaouius

237 3314 282 3367 eet
310 3327 418 3367 morum
446 3312 583 3368 Borthius
614 3344 649 3354 -
681 3318 699 3367 8
725 3312 898 3383 Priscillam
930 3330 999 3370 corr.
1025 3318 1066 3368 ςι
1097 3345 1132 3355 -
1169 3319 1201 3367 11
1229 3312 1387 3386 propiorem
1415 3330 1497 3367 usum
1518 3318 1572 3366 BH

238 3400 331 3455 uisum
348 3406 454 3455 Im
490 3401 649 3472 propiorem
671 3420 716 3457 me
738 3402 833 3457 uicum
851 3402 997 3460 Krotnius
1023 3434 1058 3445 —
1087 3408 1120 3457 12
1149 3404 1245 3458 tamen
1267 3402 1355 3458 talem
1372 3403 1510 3460 carusius
1536 3434 1570 3443 —

238 3496 273 3545 13
291 3488 434 3546 inuenisse
451 3492 535 3548 ctiam
547 3490 584 3545 A*
603 3524 638 3533 —
