3775 5567
729 453 1079 526 snvunvnrvpreer.
1509 456 1572 520 145

237 638 340 703 genus
374 615 553 682 edidissem.
604 617 744 703 primum
778 640 1014 704 superuacuum
1045 622 1095 684 eet
1127 618 1309 684 dissuadere
1342 641 1410 684 rem
1441 619 1573 703 faetam3

239 722 352 788 deinde
371 724 474 789 multa
493 745 532 789 ex
556 723 621 789 illis
644 725 709 790 iam
732 725 862 792 domino
882 724 1009 792 Caesari
1028 725 1192 811 dederam,
1216 731 1249 790 et
1269 731 1391 810 quanto
1414 725 1476 791 hoe
1499 726 1574 811 plus

239 835 287 896 est
320 853 415 917 quem
448 831 554 897 edere!
600 855 748 898 exeruere
780 837 889 898 autem
920 833 992 899 ioco
1023 855 1091 898 nou
1120 832 1223 898 lieet?
1269 833 1425 898 ‘secreto'
1457 833 1572 918 inquit.

239 937 294 1003 sed
317 943 350 1002 et
373 937 653 1024 sphaeromachias
677 945 860 1025 spectamus
882 944 915 1006 et
938 941 1059 1026 palaris
1086 940 1170 1006 lusio
1193 940 1345 1004 admittit.
1386 939 1574 1005 nouissime:

239 1044 385 1130 quisquis
413 1068 452 1111 ex
475 1046 556 1112 meis
579 1047 701 1112 inuitus
724 1047 847 1132 aliquid
874 1048 969 1135 legit,
997 1047 1109 1113 statim
1132 1069 1166 1112 se
1193 1048 1366 1132 profitetur
1394 1047 1573 1113 aduersum.
1592 1067 1626 1114 su

239 1151 286 1216 ita
312 1175 410 1237 quare
438 1154 573 1220 oonsilio
605 1154 674 1220 eius
702 1153 872 1220 acaedam?
913 1155 948 1220 in
975 1177 1147 1220 summam:
1182 1176 1300 1239 nempe
1327 1177 1389 1242 ego
1417 1176 1488 1221 sum
1518 1154 1574 1239 qui

239 1259 401 1347 traducor,
434 1265 539 1327 taeeat
567 1265 599 1326 et
627 1263 774 1350 gaudeat.
820 1263 889 1350 sed,
916 1263 945 1328 si
972 1261 1114 1350 uidetur,
1144 1261 1309 1327 haetenus.
1354 1260 1440 1326 hunc
1467 1266 1575 1326 tamen

239 1365 360 1432 librum
382 1372 434 1454 tu,
456 1367 621 1456 Marcelle,
645 1369 808 1455 defendes;
832 1369 882 1435 sin
905 1369 1026 1455 minus,
1049 1369 1328 1455 reprehendemur.
1374 1369 1454 1434 uale.

331 1641 365 1690 28
384 1635 460 1691 iocos
475 1653 489 1689 u
507 1668 541 1677 -
563 1642 597 1690 29
616 1635 715 1708 pilarie
735 1635 896 1691 admittitur
914 1635 988 1691 lusio
1007 1653 1021 1689 e
1040 1667 1074 1677 -
1098 1641 1132 1690 30
1150 1637 1327 1708 profiteatur;
1350 1653 1419 1692 corr.
1438 1635 1576 1691 Vaesana·

241 1756 275 1766 -
290 1730 322 1778 31
343 1724 373 1780 in
392 1742 532 1780 summam
550 1726 639 1796 (A‘?);
658 1725 688 1780 in
707 1741 817 1780 summa
834 1743 871 1779 ee
889 1758 924 1766 -
943 1732 977 1781 32
991 1725 1124 1797 gaudeat.
1150 1725 1225 1780 hunc
1242 1729 1262 1780 t.
1277 1725 1296 1780 l.
1310 1728 1331 1780 t.
1345 1725 1383 1780 Μ.
1400 1724 1533 1780 defendes
1547 1727 1577 1780 et

241 1813 265 1868 ei
291 1813 406 1868 uidetur
427 1815 563 1870 haetenus
587 1815 632 1870 siu
650 1815 743 1870 minue
766 1834 787 1872 r.
808 1833 847 1884 u.;
881 1817 1041 1886 trumpoeue'
1058 1822 1084 1871 et
1102 1814 1153 1870 sed
1174 1817 1272 1886 πάρει’
1294 1815 1410 1870 Vollmer
1428 1820 1577 1885 praeeunte

241 1902 403 1976 Mudue'pe'e,
430 1907 479 1977 qui
504 1907 568 1978 tepet
590 1904 723 1977 gaudeat.
757 1907 777 1960 t.
796 1905 815 1960 l.
835 1907 856 1959 t.
876 1923 913 1960 m.
938 1904 1070 1975 defende,
1098 1903 1148 1960 aed
1173 1903 1198 1958 ei
1222 1902 1347 1973 uidetur,
1374 1903 1524 1972 haetenus,
1551 1902 1576 1957 si

241 1991 324 2048 nimis
342 1993 578 2064 reprehendemur
595 2026 630 2036 -
