3775 5567
829 455 859 510 P.
878 454 1016 511 PAPINII
1034 454 1153 512 STATII

983 726 1000 791 1

599 839 641 939 Si
660 891 775 934 munus
793 872 850 935 aut
868 868 990 935 similes
1010 868 1123 936 docilis
1142 870 1222 935 mihi
1241 870 1363 957 fingere
1382 892 1470 937 ceres

536 980 593 1042 eut
616 976 697 1042 ebur
719 975 887 1063 impressis
909 999 1065 1043 aurumue
1089 977 1230 1044 animare
1254 977 1381 1065 figuris,

536 1084 628 1170 hinc,
650 1084 811 1170 Priscilla,
835 1089 891 1151 tuo
915 1084 1035 1151 solacis
1056 1088 1151 1173 grets
1173 1085 1290 1151 marito

537 1192 748 1278 conciperem.
793 1213 932 1278 nemque
956 1192 1089 1280 egregie
1111 1194 1234 1278 pietate
1258 1196 1413 1281 meretur,

536 1305 574 1365 ut
596 1300 649 1365 uel
671 1298 809 1385 Apelleo
832 1299 942 1366 uultus
966 1300 1094 1387 signatu
1117 1300 1223 1365 colore

535 1406 689 1472 Phidiaca
711 1406 764 1472 uel
785 1411 863 1473 nete
885 1429 982 1474 manu
1006 1406 1138 1474 reddere
1162 1406 1298 1473 dolenti:

537 1514 584 1579 sic
606 1515 731 1581 auferre
754 1515 844 1602 rogis
865 1514 1014 1581 umbram
1038 1518 1172 1580 conatur
1195 1517 1228 1579 et
1251 1514 1366 1603 ingens

537 1625 699 1687 certamen
722 1644 795 1687 cum
817 1622 923 1688 Morte
946 1622 1032 1709 gerit
1055 1644 1211 1708 curesque
1234 1622 1353 1709 fatiget

537 1728 697 1795 artificum
719 1728 818 1815 inque
841 1730 929 1795 omni
953 1732 986 1795 te
1009 1730 1135 1815 quaerit
1158 1752 1264 1796 umere
1287 1730 1427 1796 metallo.

538 1835 594 1902 sed
617 1837 763 1902 mortalis
785 1837 902 1923 honos,
924 1837 1021 1923 egilis
1045 1858 1141 1923 quem
1163 1837 1277 1903 dextra
1299 1838 1435 1903 laboret.
1465 1850 1470 1862 '
1625 1858 1657 1905 10

537 1966 597 2010 uos
620 1944 696 2029 tibi,
718 1943 841 2011 laudati
864 1944 992 2010 iuuenis
1016 1944 1181 2011 rarissimo
1203 1944 1357 2032 coniunx,

537 2052 637 2139 louge
658 2074 718 2117 nec
741 2051 914 2118 obscurum
936 2054 1034 2118 finem
1057 2052 1163 2119 lature
1185 2053 1320 2139 perenni

538 2163 735 2245 temptamus
757 2159 832 2225 dere
856 2160 941 2225 iuste
963 2160 1048 2247 lyru3
1071 2160 1166 2227 modo
1190 2160 1303 2227 dexter
1324 2160 1445 2246 Apollo

539 2268 658 2353 quique
681 2267 772 2333 uenit
796 2267 905 2333 iuncto
928 2266 1010 2333 mihi
1033 2290 1161 2355 semper
1182 2266 1337 2354 Apolline
1361 2268 1477 2335 Caesar

538 2379 673 2461 annuet,
695 2374 782 2440 heud
804 2375 868 2439 ulio
892 2374 1008 2441 melius
1031 2377 1167 2441 condere
1191 2376 1346 2460 sepulcro.

628 2504 698 2548 sere
721 2482 851 2568 quidem
874 2486 965 2548 tento
989 2483 1127 2549 struitur
1149 2484 1307 2549 medicina
1330 2483 1447 2571 dolori,

538 2590 640 2656 altere
658 2612 731 2656 cum
749 2590 891 2656 uolucris
909 2590 1035 2656 Phoebi
1055 2595 1126 2655 rote
1145 2594 1296 2676 torqueat
1313 2614 1445 2678 annum3

539 2697 594 2763 sed
613 2720 686 2763 cum
705 2696 802 2785 plegs
821 2720 931 2763 recens
951 2700 983 2762 et
1002 2697 1105 2763 adhuc
1125 2696 1158 2762 in
1177 2696 1310 2763 uulnere
1329 2698 1435 2782 primo

538 2806 632 2893 nigre
650 2805 764 2873 domus
783 2810 902 2890 questu
920 2805 1135 2891 miserumque
1154 2818 1298 2871 accessus
1317 2806 1357 2870 ed
1376 2828 1485 2873 aurem

539 2913 686 3001 coniugis
710 2912 829 2978 orbati:
866 2918 944 2978 tunc
967 2914 1043 2978 flere
1067 2917 1101 2978 et
1123 2912 1266 2979 scindere
1290 2917 1396 2979 uestes

539 3024 572 3086 et
594 3020 732 3086 famulos
755 3020 874 3085 lassare
898 3042 1015 3107 greges
1038 3022 1072 3085 et
1093 3020 1222 3086 uincere
1246 3020 1396 3104 planctus

538 3127 682 3213 Fataque
706 3131 738 3192 et
760 3126 899 3194 iniustos
922 3126 1044 3193 rabidis
1067 3126 1195 3212 pulsare
1220 3127 1358 3213 querelis

539 3232 706 3301 caelicolas
728 3234 872 3301 solomon
895 3237 972 3300 erut.
1017 3234 1094 3301 licet
1117 3235 1187 3320 ipse
1209 3233 1365 3300 leuandus

539 3342 579 3407 ad
601 3342 743 3430 gemitus
765 3342 858 3408 siluis
880 3342 1054 3407 comitatus
1076 3344 1109 3406 et
1132 3341 1282 3407 amnibus
1306 3341 1455 3427 Orpheus

539 3450 663 3515 adforet
685 3451 783 3534 etque
806 3449 911 3515 omnis
934 3448 1057 3534 puriter
1079 3452 1253 3515 matertere
1275 3454 1397 3537 uatem,

540 3556 645 3621 omnis
667 3555 861 3641 Apollineus
883 3559 1010 3643 tegeret
1031 3554 1215 3641 Bacchique
1238 3556 1397 3623 sacerdos:

538 3663 586 3729 nil
609 3668 735 3750 centus,
757 3663 805 3728 nil
827 3663 883 3728 file
906 3663 975 3729 deis
997 3662 1151 3747 pallentis
1175 3662 1297 3730 Auerni

538 3771 819 3856 Eumenidumque
841 3770 952 3836 auditu
975 3770 1076 3836 comis
1098 3770 1238 3836 mulcere
1261 3772 1419 3852 ualerent,

416 4007 430 4055 1
456 4001 647 4073 Epieedion
665 4003 701 4057 in
718 4000 916 4057 Priscillam
935 4018 1070 4057 uxorem
1092 4033 1128 4042 -
1155 4008 1169 4057 1
1193 4000 1308 4074 pingere
1328 4002 1471 4059 Krohrrius
1494 4036 1528 4043 -
1558 4009 1590 4057 15
1610 4008 1661 4059 sut

328 4091 398 4160 elio;
416 4109 485 4149 corr.
501 4110 564 4146 u-
584 4097 617 4147 19
636 4108 722 4164 segre
741 4092 840 4147 domus
857 4092 993 4148 Hermiou
1005 4124 1040 4132 -
1059 4094 1161 4161 questu
1179 4090 1311 4147 miserum
1330 4092 1462 4161 haudque
1476 4092 1660 4149 Bauumuus

327 4180 391 4249 quis
407 4183 469 4235 tum
486 4181 676 4237 miserandam
694 4198 823 4237 secessus
846 4182 884 4236 ud
902 4197 999 4236 aurem
1017 4181 1163 4237 Adrianus
1194 4184 1295 4251 questu
1314 4181 1444 4236 miserum
1464 4180 1514 4251 qui
1532 4198 1660 4237 accessus

329 4269 366 4324 sd
384 4288 480 4326 eurem
499 4271 733 4345 Maenuphteuius
751 4304 785 4313 —
804 4277 837 4326 21
857 4270 974 4343 planctu
993 4271 1159 4343 cruceyer
1176 4302 1211 4313 -

417 4493 439 4542 l.
455 4494 486 4542 11
511 4486 579 4543 Silu.
594 4488 673 4542 nlo.
689 4492 741 4543 110
769 4485 915 4541 carissime
933 4486 1054 4542 coniunx
1072 4492 1128 4541 not.
1152 4518 1186 4527 —
1212 4492 1244 4540 18
1263 4484 1351 4557 plage
1366 4528 1371 4539 .
1387 4526 1395 4539 .
1410 4528 1415 4541 .
1431 4484 1546 4539 uulnere
1569 4488 1604 4554 es.
1623 4487 1661 4541 ad

328 4578 425 4634 nur
452 4608 486 4619 —
515 4582 548 4631 19
566 4576 654 4633 Theb.
668 4576 695 4631 V
709 4581 761 4631 ⁷32
788 4574 973 4647 placidasque
996 4592 1125 4631 accessus
1145 4574 1181 4629 ed
1206 4590 1302 4630 eurem
1329 4606 1364 4615 -
1392 4580 1425 4628 21
1450 4574 1519 4629 Silu.
1533 4574 1610 4629 1114.
1626 4580 1659 4629 57

328 4666 520 4737 famulumque
545 4683 645 4738 greges
686 4666 774 4722 Theb.
789 4665 828 4719 VI
842 4670 877 4719 34
904 4665 1031 4735 exemplo
1055 4664 1175 4719 famulus
1198 4662 1301 4733 premit
1327 4663 1511 4733 horteturque
1534 4664 1660 4719 uolentes

329 4757 561 4827 orbepurens-
581 4762 615 4811 22
635 4756 703 4811 silu.
718 4755 742 4810 V
758 4763 782 4811 3.
797 4760 831 4809 69
860 4771 974 4825 superos
994 4756 1022 4809 et
1035 4754 1156 4809 Tartaru
1169 4752 1279 4822 pulsem
1292 4752 1475 4807 inuidiellb.
1491 4757 1524 4806 78
1552 4751 1661 4806 inuidis

329 4862 444 4916 superos
458 4846 620 4917 iniustaque
634 4845 754 4901 Tartaru
766 4844 876 4915 pulsem
891 4844 988 4901 Claud.
999 4843 1076 4899 Eutr.
1086 4842 1113 4897 11
1126 4842 1213 4914 praef.
1225 4847 1257 4897 51
1283 4841 1351 4912 quid
1365 4841 1462 4913 pulsus
1476 4839 1660 4896 muliebribus

329 4937 407 4990 estre
424 4934 546 5005 querelis
565 4968 599 4978 -
