3775 5567
749 475 935 532 SILVARVM
953 476 992 532 ΠΙ
1010 482 1028 530 4
1491 475 1554 540 137

435 662 528 706 orcus
551 646 584 706 et
607 663 647 706 cx
669 641 812 707 humeris
834 641 943 707 nullae
966 639 1171 728 fulgentibus
1193 641 1336 707 umbrae.
1521 657 1557 707 ao

436 747 573 814 miratur
594 749 719 834 puerile
742 749 838 814 decus
862 749 1054 834 uultumque
1077 771 1249 833 comasque

436 855 595 940 aspiciens
619 856 709 922 ‘tune
731 855 903 922 Ausonias'
928 856 976 922 ait
999 855 1076 921 'ibis
1098 856 1138 921 ed
1160 877 1250 921 arces

435 963 603 1050 neglectus
626 962 767 1029 Veneri?
804 967 840 1030 tu
864 963 993 1029 sordida
1015 967 1103 1029 tecte
1124 963 1301 1050 iugumque

437 1069 562 1136 seruitii
585 1071 719 1159 uulgare
742 1069 849 1135 feres?
886 1070 1000 1153 procul
1023 1070 1123 1135 absit:
1160 1092 1221 1157 ego
1245 1069 1314 1156 isti,

437 1199 533 1262 quern
549 1178 676 1262 meruit,
694 1178 816 1243 formae
831 1176 998 1243 dominum
1012 1177 1105 1242 dabo.
1137 1178 1219 1243 uade
1233 1199 1293 1265 age
1308 1200 1441 1262 mecum,
1523 1194 1558 1242 ao

436 1284 531 1370 uado,
556 1305 650 1369 puer:
688 1284 801 1350 ducam
825 1283 950 1350 uolucri
974 1306 1034 1368 per
1056 1283 1160 1350 sidera
1183 1306 1278 1350 curru

437 1392 557 1457 donum
581 1392 720 1458 immane
744 1391 818 1456 duci
840 1413 899 1456 nec
923 1395 957 1456 te
979 1391 1109 1476 plebeia
1131 1392 1311 1457 manebunt

437 1499 520 1564 iura:
556 1499 706 1565 Palatino
730 1498 871 1564 famulus
895 1498 1024 1563 deberis
1046 1498 1156 1564 amori.

437 1605 483 1672 nil
506 1628 581 1693 ego,
604 1605 665 1691 nil,
687 1607 807 1689 fateor,
830 1609 901 1671 toto
925 1611 992 1670 tam
1015 1605 1108 1671 dulce
1130 1605 1192 1671 sub
1214 1606 1294 1671 orbe

437 1717 493 1779 aut
515 1713 583 1779 uidi
606 1717 664 1778 aut
686 1712 792 1800 genui.
838 1713 930 1778 cedet
953 1711 1016 1778 tibi
1038 1712 1184 1778 Latmius
1207 1713 1294 1778 ultro

438 1818 677 1908 Sangariusque
699 1841 781 1905 puer
804 1841 965 1905 quemque
988 1818 1081 1884 irrita
1103 1819 1204 1885 fontis
1227 1819 1336 1908 imago

436 1931 470 1992 et
493 1927 614 1994 sterilis
640 1926 842 2013 consumpsit
864 1948 967 2011 amor3
991 1931 1024 1992 te
1047 1927 1173 1992 caerula
1195 1926 1276 1993 Nais

436 2035 549 2100 mallet
572 2040 605 2101 et
628 2035 787 2120 adprensa
809 2033 964 2100 traxisset
985 2033 1103 2100 fortius
1125 2055 1219 2100 urna:

438 2145 488 2226 tu,
510 2163 605 2227 puer,
627 2147 703 2207 ante
726 2141 844 2226 omnis3
867 2140 955 2207 solus
977 2140 1149 2207 formosior
1170 2141 1240 2225 illc,

438 2248 489 2314 cui
509 2248 657 2314 daberis?
695 2248 741 2314 sic
760 2271 833 2315 orsa
850 2247 939 2315 leues
958 2269 1066 2315 secum
1084 2248 1157 2334 ipsa
1175 2271 1234 2335 per
1251 2271 1346 2315 auras

437 2355 526 2421 tollit
548 2355 736 2441 olorinaque
759 2355 853 2421 iubet
875 2355 1041 2422 considere
1065 2355 1151 2443 biga.

437 2485 497 2529 nec
520 2485 610 2529 mora
633 2501 675 2512 -
699 2463 764 2528 iam
785 2463 872 2528 Latii
896 2467 1024 2530 montes
1046 2463 1232 2549 ueterisque
1256 2469 1391 2549 penates

438 2569 597 2656 Euandri,
621 2591 702 2655 quos
724 2569 809 2636 mole
831 2593 917 2636 noua
940 2575 1034 2655 pater
1056 2570 1188 2637 inclitus
1212 2571 1302 2637 orbis

438 2677 559 2744 excolit
581 2682 616 2743 et
638 2677 772 2744 summis
794 2682 913 2763 aequet
936 2677 1144 2744 Germanicus
1168 2678 1272 2744 astris.

437 2789 515 2852 tunc
538 2785 674 2870 propior
696 2783 760 2850 iam
784 2807 860 2850 cura
883 2785 973 2871 deae,
998 2807 1080 2870 quae
1102 2785 1207 2850 forma
1229 2785 1357 2870 capillis

438 2891 578 2978 optima,
600 2914 683 2977 quae
706 2891 808 2958 uestis
831 2913 941 2958 roseos
964 2892 1137 2958 accendere
1158 2893 1271 2958 uultus

438 3005 530 3086 apte,
553 2999 640 3085 quod
663 2999 696 3064 in
720 2999 846 3087 digitis,
870 2999 955 3066 collo
979 2999 1066 3085 quod
1088 2999 1219 3088 dignius
1241 3021 1364 3065 aurum.

436 3111 532 3173 uorat
554 3106 702 3172 caelestis
726 3106 837 3174 oculos
860 3105 950 3173 ducis
972 3107 1108 3192 ipsaque
1131 3107 1241 3173 taedas

438 3214 589 3280 iunxerat
612 3219 645 3280 at
668 3215 765 3299 plena
788 3213 920 3280 dederat
943 3214 1082 3281 conubia
1105 3213 1231 3280 dextra:

438 3321 484 3387 sic
508 3327 603 3388 omat
624 3321 742 3408 crines,
764 3321 881 3406 Tyrios
903 3320 951 3387 sic
972 3321 1080 3387 fundit
1101 3322 1252 3408 amictus,

438 3429 494 3495 dat
516 3429 623 3494 radios
646 3429 819 3516 ignemque
843 3451 945 3495 suum.
992 3451 1115 3495 sessore
1138 3429 1264 3514 priores

438 3535 570 3602 deliciae
593 3536 814 3621 famulumque
837 3557 966 3623 greges3
988 3535 1043 3601 liic
1065 3536 1182 3620 pocula
1204 3540 1323 3623 magno

438 3643 543 3728 prima
565 3643 637 3711 duci
661 3665 849 3729 murrasque
868 3665 985 3731 greum
1002 3643 1218 3729 crystallaque
1236 3648 1349 3729 portat

439 3749 622 3816 candidiore
646 3771 756 3818 manu:
793 3751 907 3816 crescit
930 3773 1016 3817 noua
1038 3750 1145 3838 gretia
1167 3750 1302 3817 Baccho.

526 3879 598 3924 care
622 3879 704 3943 puer
726 3857 866 3942 superis,
890 3858 946 3943 qui
969 3857 1152 3942 praelibare
1170 3857 1347 3923 uerendum

437 3969 548 4030 nectar
571 3969 605 4030 et
628 3965 793 4052 ingentem
817 3965 937 4031 totiens
961 3964 1149 4052 contingere
1173 3964 1320 4030 (lernam

439 4072 573 4157 electus,
597 4095 693 4157 quam
715 4093 810 4138 nosse
834 4071 948 4158 Getae,
973 4094 1070 4157 quam
1092 4077 1225 4159 tangere
1248 4071 1366 4137 Persae

315 4289 349 4338 84
367 4300 420 4354 ego
429 4281 478 4338 isti
491 4285 605 4354 sonasse
614 4287 696 4342 etium
704 4285 741 4338 Δ*
756 4317 784 4324 --
801 4289 834 4339 38
848 4283 907 4338 iam
916 4283 1012 4352 dulce;
1031 4301 1100 4341 corr.
1115 4284 1274 4340 Potitium
1283 4287 1558 4355 -4'1ueteresque3

226 4389 295 4428 corr.
314 4373 452 4429 Bantius
469 4403 505 4414 -
522 4378 557 4428 48
576 4372 691 4430 inclitus
709 4374 787 4429 urbis
806 4393 824 4428 ι
842 4405 875 4415 -

226 4505 438 4513 ---·-

315 4593 348 4641 81
368 4587 532 4644 Merobaud.
546 4586 575 4642 (l.
585 4587 611 4641 V
623 4591 672 4643 186
690 4587 810 4642 mustus
828 4587 908 4659 pueri
923 4588 1008 4643 decus
1027 4621 1062 4630 -
1080 4594 1120 4644 84
1133 4588 1199 4644 Hor.
1218 4589 1368 4659 ΕρμΠ2,
1384 4595 1436 4644 188
1453 4605 1557 4660 paupe-

225 4675 281 4745 n‘er
308 4675 456 4732 immunda
481 4679 577 4732 tamen
594 4677 692 4748 procul
720 4676 808 4746 absit;
840 4694 893 4747 ego
913 4721 963 4735 ...
991 4711 1027 4719 —
1054 4685 1088 4734 88
1112 4677 1180 4734 Silo.
1196 4678 1220 4731 V
1235 4685 1260 4733 8,
1276 4684 1327 4732 luo
1346 4679 1420 4734 uado
1437 4696 1508 4750 puer
1523 4705 1560 4720 «-

226 4765 309 4836 Verg.
326 4766 357 4820 Α.
372 4765 397 4819 X
411 4771 464 4820 440
487 4765 596 4821 uolucri
668 4783 750 4821 curru
768 4769 803 4835 es.
823 4767 887 4822 Hor.
904 4766 932 4823 G.
948 4769 1016 4822 184.
1032 4773 1048 4823 8
1075 4766 1144 4824 Silo.
1158 4769 1184 4822 V
1197 4773 1221 4824 1.
1237 4774 1289 4824 lob
1315 4767 1413 4824 Claud.
1432 4768 1465 4822 a.
1483 4768 1561 4825 Pros.

226 4853 318 4910 Π847
337 4886 373 4896 -
391 4860 474 4924 llsq.
498 4857 533 4923 cs.
553 4855 750 4911 Thaumas
777 4855 816 4910 IX
831 4861 882 4912 709
892 4874 953 4926 sqq.
981 4857 1042 4913 ach
1063 4857 1142 4912 1241
1163 4889 1195 4900 ·-
1214 4863 1250 4912 48
1268 4855 1337 4914 Silo.
1352 4857 1404 4914 14.
1419 4863 1453 4912 88
1480 4861 1563 4930 pater

227 4942 343 4999 inclitus
357 4942 442 4998 Vrbis
462 4975 494 4985 -
515 4949 548 5000 57
569 4943 636 5001 silu.
652 4944 677 4999 V
692 4951 716 5003 1.
731 4951 762 5000 81
787 4945 909 5002 famulos
929 4992 934 5003 .
951 4991 979 5003 ..
998 4963 1099 5020 greges
1119 4979 1150 4988 —
