3775 5567
705 472 891 527 suvauvu
908 471 974 527 1vs
992 470 1057 527 lvo

872 742 893 807 9

582 858 651 955 Est
673 908 750 953 sane
774 886 862 952 iocus
885 884 961 971 iste,
984 884 1070 970 quod
1092 884 1241 952 libellum

519 992 638 1059 misisti
661 993 756 1081 mihi,
779 992 905 1080 Grype,
927 1016 988 1078 pro
1010 992 1132 1058 libello.

520 1101 681 1167 urbanum
704 1106 813 1166 tamen
835 1101 898 1166 hoc
920 1102 1032 1185 potest
1055 1098 1172 1187 uideri,

520 1208 547 1273 si
571 1212 647 1293 post
669 1208 731 1274 boc
754 1207 877 1293 aliquid
899 1206 980 1272 mihi
1003 1206 1164 1291 remittcs3

518 1338 594 1382 nam
617 1314 644 1381 si
667 1315 790 1403 ludere,
813 1314 937 1401 Grype,
961 1336 1161 1401 perseueras,

518 1445 584 1488 non
606 1422 699 1489 ludis.
744 1422 835 1511 licet,
857 1445 944 1507 ecce,
967 1423 1204 1507 computemus!

517 1535 628 1597 noster
650 1552 834 1616 purpureus
856 1552 1026 1616 nouusque
1050 1529 1161 1595 charta

518 1642 552 1704 et
575 1638 662 1703 binis
685 1638 853 1704 decoratus
875 1636 1041 1704 umbilicis

518 1749 647 1831 praeter
669 1768 721 1811 me
744 1744 823 1810 mihi
848 1744 996 1811 constitit
1020 1744 1174 1811 decussis:

518 1858 556 1919 tu
578 1874 688 1918 rosum
711 1852 809 1918 tineis
831 1852 961 1937 situque
985 1856 1128 1938 putrem,

520 1960 630 2045 quales
653 1963 710 2026 aut
732 1959 867 2045 Libycis
889 1959 1020 2025 madent
1043 1959 1138 2025 oliuis

518 2072 575 2134 aut
597 2071 651 2133 tus
673 2066 836 2134 Niliacum
859 2067 995 2153 piperue
1019 2071 1149 2133 seruant

519 2180 576 2241 aut
597 2174 811 2260 Byzantiacos
834 2175 945 2240 colunt
967 2174 1119 2261 lacertos,

518 2304 578 2348 neo
601 2282 716 2348 saltem
739 2287 796 2347 tua
819 2282 905 2348 dicta
927 2282 1160 2368 continentem,

520 2412 602 2475 quae
625 2389 711 2456 trino
735 2390 862 2455 iuuenis
886 2390 957 2455 foro
980 2390 1117 2456 tonabas

519 2501 575 2563 sut
599 2501 729 2563 centum
751 2520 856 2582 prope
879 2496 1015 2581 iudices,
1038 2496 1224 2582 priusquam

519 2607 552 2669 te
575 2602 784 2670 Germanicus
807 2603 967 2669 arbitrum
990 2602 1139 2688 sequenti

520 2734 665 2777 annonae
688 2710 777 2776 dedit
800 2711 1008 2796 omniumque
1030 2711 1096 2776 late

520 2818 677 2906 praefecit
699 2817 896 2884 stationibus
919 2818 1059 2902 uiarum,
1081 2856 1125 2867 -

518 2927 575 2993 sed
596 2926 690 2993 Bruti
713 2926 800 2992 senis
823 2925 1043 3013 oscitationes,

520 3036 560 3100 de
582 3057 680 3120 capsa
702 3034 811 3100 miseri
833 3032 1011 3099 libellionis

520 3147 667 3227 emptum
690 3142 765 3227 plus
788 3140 896 3207 minus
917 3163 988 3206 asse
1012 3139 1147 3224 Gaiano,

519 3250 627 3316 donas.
673 3271 775 3335 usque
798 3248 920 3315 adeone
943 3248 1115 3315 defuerunt

519 3357 621 3424 caesis
642 3355 742 3443 pillea
764 3360 838 3423 suta
860 3355 899 3421 de
922 3356 1059 3422 lacernis

520 3465 573 3530 uel
596 3464 750 3530 mantelia
771 3463 936 3530 luridaeue
959 3486 1098 3549 mappae

520 3572 649 3637 chartae
672 3570 893 3637 Thebaicaeue
917 3570 1112 3636 (laricaeue‘i

519 3700 678 3765 nusquam
701 3677 833 3743 turbine
856 3677 1006 3744 conditus
1029 3678 1135 3744 ruenti

519 3808 698 3871 prunorum
720 3785 841 3873 globus
863 3789 961 3871 atque
985 3786 1210 3851 cottanorum?

519 3916 584 3958 non
607 3892 769 3979 ellychnia
792 3893 889 3979 sicca,
911 3915 977 3960 non
1000 3893 1155 3979 replictae

520 4000 695 4066 bulborum
718 4000 868 4067 tunicae?
903 4022 963 4066 nec
985 4022 1048 4066 oua
1070 4005 1211 4087 tantum,

519 4129 579 4173 nec
601 4107 691 4173 lenes
712 4107 836 4173 halicae
859 4130 919 4173 nec
940 4130 1092 4193 asperum
1116 4109 1186 4173 far?

518 4237 678 4301 nusquam
702 4213 873 4301 Cinyphiis
895 4219 1015 4303 uagata
1037 4214 1160 4301 campis

519 4344 691 4387 cumarum
713 4322 827 4389 domus
850 4321 913 4388 uda
936 4322 1137 4389 coclearum?

307 4587 639 4658 oflendecasyllabi
662 4587 770 4643 iocosi
791 4588 833 4643 ad
851 4587 1002 4644 Plotium
1021 4588 1167 4659 Grypum
1190 4621 1223 4629 -
1251 4595 1268 4643 4
1290 4588 1313 4643 si
1333 4590 1451 4659 posthae
1469 4590 1548 4645 aliud

219 4676 289 4731 mihi
307 4677 433 4733 remittes
451 4678 586 4734 Heium
608 4708 643 4718 -
672 4683 688 4733 9
712 4676 823 4733 decussi
843 4678 987 4734 Turnebus
1004 4710 1039 4719 -
1063 4684 1097 4733 13
1123 4677 1200 4733 olent
1218 4678 1338 4734 lacertos
1356 4680 1490 4735 Heinsius
1516 4712 1549 4721 -

220 4770 253 4819 21
273 4766 432 4822 libelliones
449 4768 542 4837 (ctiam
555 4768 616 4837 A‘);
634 4783 703 4823 corr.
718 4786 736 4821 a
755 4800 787 4808 -
811 4773 846 4822 24
869 4766 964 4823 scissis
986 4766 1075 4838 pillea
1093 4768 1228 4824 Heinsius
1250 4800 1285 4810 -
1313 4768 1389 4823 sicea
1410 4770 1457 4825 sed
1475 4770 1506 4825 in
1523 4776 1551 4823 Ι

220 4856 262 4911 ita
277 4858 423 4927 scripturo¹
445 4863 477 4913 ct
492 4874 581 4929 pacm
597 4858 635 4913 sit
653 4858 719 4912 snts
736 4864 787 4914 aut
805 4856 890 4926 sictm
917 4856 1006 4913 cassis
1025 4864 1051 4914 ct
1068 4859 1147 4913 secta
1166 4858 1272 4915 Poura
1290 4890 1324 4899 -
1343 4864 1378 4915 30
1396 4858 1549 4931 bullorum3

220 4960 317 5001 come
335 4978 369 4988 -
