3775 5567
745 487 930 545 SILVARVM
949 489 976 543 11
995 497 1009 544 1

424 648 586 716 Ausonios
609 649 694 718 inter
715 675 864 736 proceres
887 654 1064 739 seriemque
1087 652 1212 731 Quirini

423 758 567 846 agnouit,
590 757 703 824 timide
725 760 865 846 primum
889 761 1028 849 uestigia
1050 761 1158 849 iungit

424 887 551 931 accessu
575 865 675 932 tacito
699 889 904 954 summosque
927 869 1056 935 lacessit
1078 869 1224 952 amictus,

424 972 496 1038 inde
515 974 619 1062 magis
638 975 792 1061 sequitur,
810 999 914 1061 neque
933 977 1019 1042 enim
1036 976 1141 1064 magis
1160 976 1214 1041 illa
1232 974 1415 1041 trahentem

425 1081 548 1166 spernit
571 1087 603 1146 et
626 1082 738 1170 ignota
761 1084 862 1149 credit
885 1084 924 1150 de
947 1084 1049 1169 stirpe
1071 1088 1236 1168 nepotum.

424 1209 499 1252 mcx
524 1188 579 1253 ubi
605 1189 734 1255 delicias
758 1195 790 1256 et
813 1191 876 1256 rari
900 1191 1020 1280 pignus
1042 1191 1136 1256 amici

424 1294 525 1360 sensit
549 1301 581 1361 et
604 1297 714 1363 amissi
737 1321 873 1383 puerum
897 1299 1016 1364 solacia
1038 1298 1154 1382 Blaesi,

424 1401 512 1467 tollit
534 1403 633 1469 humo
656 1427 837 1492 magnaque
859 1406 942 1493 ligat
966 1407 1088 1472 ceruice
1111 1406 1229 1490 diuque

426 1508 494 1596 ipsc
517 1533 614 1577 manu
637 1512 781 1600 gaudens
805 1514 894 1579 uehit
917 1518 958 1599 et,
982 1535 1064 1599 quae
1087 1536 1219 1579 munera
1241 1513 1349 1579 mollis

424 1615 537 1704 Elysii,
560 1619 687 1685 steriles
710 1643 816 1686 ramos
838 1626 1008 1707 mutasque
1032 1621 1178 1687 uolucres

426 1726 538 1812 porgit
561 1731 594 1792 ct
617 1732 756 1813 optunso
780 1729 938 1814 pallentes
961 1729 1106 1816 germine
1128 1730 1232 1794 flores.
1490 1747 1542 1794 acc

424 1855 482 1898 nec
505 1833 659 1920 probibet
682 1835 865 1902 meminisse
889 1836 947 1922 tui,
970 1837 1025 1902 sed
1048 1841 1179 1923 pectora
1202 1836 1341 1901 blandus

423 1941 537 2007 miscet
560 1947 593 2008 et
615 1944 774 2010 alternum
799 1944 890 2029 pueri
914 1945 1056 2030 partitur
1076 1967 1225 2011 amorem.

513 2049 567 2115 hic
589 2049 663 2116 finis
686 2057 789 2136 rapto.
835 2052 914 2137 quin
936 2057 974 2118 tu
997 2052 1062 2118 iam
1084 2053 1218 2118 uulnera
1240 2051 1332 2117 sedas

425 2161 458 2220 et
480 2156 570 2222 tollis
592 2181 732 2224 mersum
754 2159 844 2225 luctu
869 2159 988 2246 caput?
1020 2159 1128 2226 omnia
1150 2160 1261 2224 functa

425 2269 481 2329 aut
504 2265 660 2330 moritura
683 2265 786 2331 uides:
809 2265 932 2333 obeunt
955 2273 1130 2353 noctesque
1152 2266 1283 2353 diesque
1493 2284 1545 2332 210

425 2376 574 2456 astraque
597 2394 656 2438 nec
679 2372 792 2439 solidis
815 2374 947 2458 prodest
969 2397 1027 2440 sua
1049 2374 1198 2440 machina
1219 2374 1323 2440 terris.

424 2501 499 2544 nam
523 2481 665 2565 populus
688 2480 824 2546 mortale
847 2505 950 2570 genus
973 2482 1143 2568 plebisque
1166 2482 1303 2547 caducae

426 2587 498 2671 quis
517 2587 592 2652 fleat
611 2588 783 2654 interitus?
806 2588 866 2654 hos
884 2589 980 2673 bella,
998 2590 1058 2655 hos
1080 2612 1220 2676 aequora
1237 2593 1385 2674 poscunt,

425 2693 477 2758 his
501 2717 591 2759 umor
613 2695 722 2782 exitio,
745 2697 835 2761 furor
857 2697 908 2762 his
931 2702 964 2762 et
986 2719 1083 2763 saeua
1105 2697 1232 2782 cupido,

425 2806 462 2867 ut
485 2801 597 2867 sileam
619 2803 759 2890 morbos,
781 2804 842 2870 hos
866 2825 922 2869 ora
944 2804 1084 2890 rigentia
1106 2803 1254 2888 Brumae,
1493 2820 1545 2869 210

426 2907 498 2974 illos
522 2908 692 2994 implacido
716 2910 823 2975 letalis
845 2910 949 2976 Sirius
972 2911 1052 2998 igni,

425 3015 485 3080 hos
508 3022 616 3082 manet
639 3017 805 3084 imbrifero
828 3018 955 3104 pallens
976 3017 1162 3085 Autumnus
1185 3018 1286 3084 hiatu.

425 3122 578 3208 quicquid
601 3123 663 3188 init
685 3129 785 3210 crtus,
807 3125 905 3190 finem
927 3126 1030 3191 timet.
1076 3126 1196 3192 ibimus
1220 3148 1341 3210 omnes,

424 3229 558 3297 ibimus:
581 3230 746 3297 immensis
770 3255 884 3298 urnam
908 3233 1014 3318 quatit
1036 3232 1162 3299 Aeacus
1184 3234 1316 3298 umbris.

425 3342 477 3403 ast
494 3337 556 3424 hic,
580 3360 674 3424 quem
693 3339 861 3425 gemimus,
884 3340 963 3405 felix
980 3340 1191 3426 hominesque
1215 3340 1353 3424 deosque
1492 3357 1545 3405 220

322 3459 325 3464 “
426 3450 459 3510 01
482 3445 598 3511 dubios
621 3469 713 3512 casus
736 3452 769 3511 et
792 3469 902 3512 caecae
925 3447 1051 3514 lubrica
1072 3448 1159 3514 uitae

426 3553 550 3640 cffugit,
574 3553 726 3619 immunis
749 3554 846 3620 Fatis.
892 3577 958 3620 non
981 3555 1037 3620 ille
1059 3556 1198 3644 rogauit,

426 3682 491 3725 non
513 3660 624 3725 timuit
647 3661 804 3727 meruitue
827 3661 923 3748 mori;
944 3685 1005 3728 nos
1027 3663 1124 3728 anxia
1146 3663 1268 3750 plebes,

426 3789 486 3832 nos
508 3767 625 3848 miseri,
650 3768 768 3852 quibus
792 3769 875 3834 unde
898 3769 966 3835 dies
989 3792 1146 3856 suprema,
1170 3769 1243 3856 quis
1267 3771 1339 3836 aeui

426 3875 540 3962 exitus,
563 3875 729 3962 incertum,
754 3876 872 3961 quibus
896 3875 996 3942 instet
1018 3877 1141 3943 fulmen
1164 3878 1205 3943 ab
1229 3877 1334 3960 astris,
1493 3896 1545 3942 220

303 4113 354 4160 204
373 4103 546 4176 100110000ος
565 4124 633 4162 corr.
650 4123 664 4160 0
688 4138 720 4148 -
745 4112 797 4162 203
816 4105 905 4178 porsit
923 4112 1026 4161 1200
1061 4107 1151 4179 prosit
1168 4112 1238 4161 no
1269 4107 1389 4178 promsit
1406 4108 1545 4162 Baehren-

212 4199 271 4252 sius
287 4195 383 4266 porgit
401 4195 544 4251 Bentleius
561 4195 655 4267 pcrxit
670 4202 687 4251 ς
708 4227 740 4237 -
762 4197 863 4252 obtuso
882 4213 896 4250 a
917 4229 947 4238 -
968 4203 1020 4250 212
1036 4197 1164 4268 populos,
1183 4195 1302 4251 mortale
1320 4213 1417 4268 genus,
1436 4199 1495 4251 edd.
1512 4229 1546 4237 —

212 4289 265 4339 213
283 4284 338 4340 init
355 4287 438 4340 etiam
456 4284 498 4337 Δ·
515 4317 551 4326 -
570 4290 621 4339 213
640 4286 750 4341 Aeacus
769 4285 843 4340 ulnis
863 4293 880 4340 ς
913 4285 1067 4340 innumeris
1144 4286 1251 4341 umbris
1266 4287 1494 4342 &austronotus
1511 4318 1547 4327 —

212 4381 266 4428 222
280 4373 413 4428 immunis
432 4373 514 4430 latis
530 4405 562 4415 -
578 4380 630 4428 223
644 4375 741 4430 timuit
754 4375 883 4430 renuitue
898 4375 1032 4431 Heinsius
1049 4407 1085 4416 -

302 4595 355 4644 202
375 4587 599 4645 8110.1Π2.132
618 4605 723 4661 magna
741 4589 849 4646 ceruice
867 4589 989 4661 ligatum
1021 4590 1059 4643 HI
1077 4597 1102 4644 3.
1119 4595 1171 4645 133
1188 4607 1293 4662 magna
1312 4633 1318 4646 .
1334 4633 1363 4646 ..
1383 4589 1492 4646 ceruice
1511 4622 1546 4631 -

214 4685 267 4735 214
284 4679 344 4735 qu.
359 4677 424 4733 xlv
439 4684 492 4733 1751
509 4695 596 4735 saeua
613 4679 717 4749 cupido
742 4713 773 4722 -
798 4685 850 4734 mc
869 4679 971 4734 Lucan.
988 4680 1048 4734 117
1067 4681 1168 4736 bruma
1185 4680 1278 4752 rigens
1303 4712 1336 4721 -
1361 4685 1413 4734 213
1432 4681 1497 4735 Hor.
1517 4681 1547 4735 C.

213 4769 238 4823 11
256 4775 342 4824 17.10
360 4767 473 4836 ibimus,
493 4767 596 4823 ibimus
617 4812 666 4826 ...
687 4787 846 4841 supremum
861 4785 975 4840 carpere
994 4768 1049 4824 iter
1075 4769 1150 4826 Pers.
1166 4770 1251 4824 11141
1272 4769 1353 4834 imus,
1373 4769 1447 4824 imus
1465 4787 1545 4840 prae·

214 4857 314 4930 cipites
346 4857 502 4912 Menander
519 4859 552 4914 fr.
568 4864 617 4914 281
639 4858 725 4929 (Com.
737 4859 775 4914 IV
789 4865 840 4914 293
851 4859 899 4928 Μ.)
923 4857 970 4913 ἐπὶ
990 4855 1071 4914 τοῦτ’
1084 4857 1214 4929 ἐγένοντο
1227 4859 1343 4928 πάντες,
1364 4856 1470 4914 ἐνθάδ’
1482 4842 1546 4930 ἥξο-

214 4967 266 5019 μεν
282 4979 314 4988 -
329 4953 382 5002 223
395 4947 594 5004 rheumata
612 4965 663 5003 nos
677 4965 795 5018 prauum
811 4952 838 5004 et
853 4947 947 5003 flebile
962 4947 1077 5018 uulgus3
1091 4950 1152 5004 alia
1165 4951 1203 5005 ad
1221 4948 1290 5004 Silu.
1303 4949 1330 5002 II
1343 4954 1368 5004 2.
1380 4953 1430 5005 129
1436 4967 1497 5020 sqq.
1512 4981 1547 4990 -
