3775 5567
839 432 871 488 P.
889 430 1026 487 PAPINH
1046 428 1164 485 sunau

653 601 727 662 tene
750 595 785 659 in
808 594 940 661 remotis
964 594 1117 681 Syrtibus
1139 592 1212 658 auia

653 702 767 788 Leptis
790 702 933 768 creauit?
970 702 1035 767 iam
1057 702 1140 767 feret
1162 699 1287 765 Iudicas

698 832 818 877 messes
841 809 1047 895 odoratisque
1071 831 1142 874 rara

744 918 893 984 cinnamo
914 916 1093 1003 praeripiet
1115 915 1255 982 Sabaeis.

657 1115 729 1201 quis
751 1137 817 1180 non
839 1115 875 1179 in
897 1113 985 1179 omni
1008 1113 1129 1179 uertioe
1151 1112 1283 1179 Romuli

657 1227 804 1308 reptasse
827 1220 953 1287 dulcem
977 1219 1171 1306 Septimium
1195 1218 1311 1304 putet?

702 1329 775 1414 quis
798 1329 888 1393 fonte
910 1326 1064 1393 lutumae
1089 1326 1211 1392 relictis

745 1436 903 1501 uberibus
925 1439 1024 1522 neget
1048 1456 1117 1500 esse
1140 1433 1290 1520 pastum?

658 1655 718 1698 neo
740 1632 822 1697 mira
844 1632 963 1697 uirtus:
999 1631 1147 1717 protinus
1170 1629 1340 1697 Ausonum

659 1745 775 1827 portus
798 1740 936 1806 uadosoe
959 1739 1087 1805 nesoius
1109 1738 1239 1805 Africae

704 1849 807 1914 intras
829 1847 1065 1934 adoptatusque
1088 1846 1200 1911 Tuscis

748 1954 936 2043 gurgitibus
959 1978 1041 2040 puer
1063 1952 1226 2019 innatasti.

659 2152 735 2218 hine
758 2174 880 2237 paruus
902 2152 988 2218 inter
1011 2151 1148 2239 pignera
1171 2150 1285 2216 Curiae

660 2264 833 2326 contentus
855 2265 943 2325 orme
965 2258 1087 2324 lumine
1110 2280 1274 2343 purpurae

707 2367 836 2452 arescis,
859 2366 916 2432 sod
938 2366 1113 2432 immensos
1135 2364 1265 2431 labores

752 2474 859 2539 indole
883 2474 1021 2560 patriola
1043 2477 1180 2540 secutus.

661 2693 727 2736 non
750 2694 854 2737 sermo
877 2672 1020 2757 Poenus,
1041 2693 1108 2736 non
1130 2670 1263 2736 habitus
1276 2668 1362 2757 tibi,

664 2783 798 2844 externa
819 2802 885 2844 non
908 2802 1012 2845 mens:
1048 2777 1163 2866 Italus,
1185 2776 1296 2844 Italus.

706 2889 782 2950 sunt
804 2884 894 2951 Vrbe
916 2885 1136 2971 Romanisque
1160 2885 1290 2973 turmis,

752 2992 809 3078 qui
831 2991 971 3078 Libyam
994 2992 1127 3059 deceant
1150 2992 1280 3058 alumni.

665 3195 716 3256 est
739 3195 772 3256 et
794 3190 945 3255 frementi
968 3214 1032 3257 uox
1056 3190 1169 3256 hilaris
1191 3191 1276 3277 foro,

666 3297 781 3364 uenale
804 3298 948 3363 sednon
971 3298 1136 3383 eloquium
1159 3297 1222 3362 tibi

712 3405 864 3491 ensisque
887 3405 1006 3493 uagina
1030 3404 1178 3490 quiescit3

758 3512 917 3600 stringere
939 3535 981 3578 ne
1004 3512 1138 3577 iubeant
1161 3510 1270 3576 amici!

666 3707 723 3774 sed
746 3731 821 3773 rura
843 3708 931 3774 oordi
956 3708 1084 3794 saepius
1107 3712 1140 3773 et
1164 3708 1255 3794 quies

666 3838 752 3881 nuno
775 3816 810 3881 in
832 3816 977 3901 paternis
1000 3816 1131 3882 sedibus
1153 3820 1187 3881 at
1209 3815 1278 3881 solo

710 3922 862 4009 Veiente,
883 3945 970 3989 nune
993 3923 1145 3989 frondosa
1167 3945 1265 4007 supra

757 4030 910 4116 Hernica,
932 4053 1019 4096 nune
1043 4030 1182 4097 Curibus
1204 4030 1351 4096 uetustis.

439 4248 474 4297 88
500 4242 621 4313 nesciet3
644 4260 712 4302 corr.
733 4244 876 4299 Auuntiue
899 4276 933 4284 —
957 4248 990 4297 41
1014 4242 1061 4297 hie
1081 4250 1119 4299 ςο
1142 4275 1176 4285 -
1199 4249 1233 4297 42
1262 4244 1341 4297 artae
1368 4242 1479 4298 addidit
1501 4242 1684 4297 Romaanus

350 4350 444 4387 raros
472 4330 514 4386 ‘in
527 4336 643 4402 antiquo
663 4333 750 4388 deest'
763 4333 800 4386 A·
831 4335 954 4403 epatium
972 4350 1028 4388 uon
1046 4334 1215 4403 reliquerunt
1233 4334 1358 4403 pte-rique
1376 4334 1479 4387 codices
1503 4361 1537 4371 —
1565 4335 1597 4383 47
1619 4330 1684 4382 sunt

305 4492 323 4516 x
349 4421 463 4566 qqrbnam
484 4439 559 4566 ἕοζνῃἑ
571 4429 598 4565 ςι
617 4454 652 4463 ·-
680 4427 715 4476 49
734 4440 790 4477 uox
807 4421 913 4477 habilis
932 4422 1120 4478 Martluadus
1147 4454 1180 4463 -
1212 4426 1246 4475 62
1265 4420 1294 4475 ni
1313 4420 1467 4476 iubeants
1497 4451 1531 4461 —
1557 4424 1591 4472 54
1610 4434 1684 4472 nuno

432 4528 483 4579 ;e
559 4552 566 4567 ·
617 4544 649 4553 -

440 4732 473 4780 31
494 4725 562 4781 Siln.
576 4724 603 4780 V
617 4731 642 4782 8.
656 4730 690 4781 42
710 4742 833 4783 rara...
848 4726 980 4782 cinnama
997 4759 1032 4768 -
1051 4731 1084 4781 41
1104 4728 1138 4793 es.
1154 4726 1192 4781 ud
1209 4724 1281 4781 IV4.
1298 4730 1331 4779 76
1346 4756 1381 4766 -—
1395 4728 1430 4781 46
1443 4725 1510 4781 Hor.
1526 4723 1554 4780 C.
1564 4722 1640 4779 111³.
1651 4726 1683 4778 18

353 4816 439 4886 Ilion,
455 4815 529 4871 llion
552 4847 586 4856 -
609 4821 645 4871 49
662 4816 729 4871 Hor,
743 4815 772 4872 0.
786 4815 826 4870 111
840 4822 864 4871 ἓ.
880 4822 914 4871 25
937 4819 982 4871 est
999 4819 1029 4871 et
1047 4814 1123 4870 fideli
1141 4846 1177 4855 -
1198 4819 1231 4868 51
1250 4814 1317 4871 Hor.
1332 4814 1390 4871 Sat.
1405 4814 1431 4868 Π
1446 4820 1515 4869 1.40
1537 4812 1584 4869 hio
1603 4813 1685 4869 stilus

352 4948 404 4962 ...
423 4922 467 4960 me
486 4905 575 4960 ueluti
593 4906 736 4961 custodiet
753 4906 828 4960 ensis
847 4906 954 4976 uagina
973 4908 1077 4961 tectus:
1106 4922 1187 4974 quem
1208 4922 1257 4960 our
1275 4905 1448 4975 destringere
1468 4920 1551 4959 coner
1569 4932 1604 4945 -—
