3775 5567
738 461 1018 520 snvmvume
1482 425 1551 526 166

515 623 671 692 audimur.
703 630 799 692 uooat
817 625 888 712 ipse
902 629 1005 692 ratem
1023 629 1203 710 nantesque
1221 628 1384 692 morantes
1513 641 1547 690 so

428 733 582 820 inorepet.
620 755 692 800 eece
709 755 817 800 meum
840 733 956 800 timido
973 733 1038 799 iam
1058 732 1180 821 frigore
1203 736 1317 818 peetus

427 839 550 907 labitur
567 846 601 906 et
617 862 757 928 nequeo,
776 839 925 927 quemuis
943 844 1054 907 mouet
1072 840 1189 906 eminis
1207 840 1335 923 horror,
1402 891 1408 902 .

427 948 574 1015 claudere
597 969 771 1035 suspensos
794 948 961 1014 oculorum
983 948 1018 1013 in
1040 949 1186 1035 margine
1208 947 1312 1013 fletus

428 1056 556 1142 iamque
578 1061 682 1122 retem
704 1056 800 1122 terris
822 1055 934 1122 diuisit
957 1057 1033 1121 lune
1056 1055 1163 1121 soluto

425 1164 538 1230 nauita
561 1167 594 1230 et
616 1167 791 1252 angustum
815 1163 931 1230 deieoit
954 1163 988 1230 in
1011 1183 1152 1248 aequora
1173 1167 1320 1247 pontem,
1513 1181 1547 1228 66

427 1293 543 1338 saeuus
566 1275 599 1337 et
621 1293 639 1336 s
662 1271 767 1357 puppi
790 1271 890 1358 longo
913 1269 1053 1337 elamore
1075 1270 1231 1357 magister

428 1378 566 1464 dissipat
588 1378 759 1463 amplexus
781 1381 879 1463 atque
902 1378 1011 1444 osenla
1033 1377 1098 1443 fida
1123 1377 1268 1462 reuellit,

428 1508 487 1552 nee
509 1486 644 1574 longum
667 1507 741 1552 ears
762 1485 839 1552 lieet
862 1486 897 1550 in
920 1486 1044 1552 oeruioe
1066 1485 1194 1552 morari

428 1597 572 1660 attamen
594 1594 628 1659 in
652 1598 753 1660 terras
776 1615 793 1659 e
817 1593 915 1679 plebe
936 1593 1134 1659 nouissimus
1157 1592 1244 1659 omni

428 1700 485 1766 ibo
508 1722 568 1766 neo
590 1700 737 1789 egrediar
759 1701 822 1791 nisi
845 1701 910 1766 iem
933 1699 1072 1767 66666666
1094 1699 1210 1766 oarina
1514 1720 1549 1768 eo

517 1808 590 1894 quis
609 1807 687 1874 rude
706 1814 739 1874 et
757 1807 936 1874 abscissum
954 1808 1082 1874 miseris
1098 1807 1320 1874 animantibus
1337 1830 1458 1893 sequor
1549 1807 1553 1815 '

428 1915 506 1982 fecit
529 1915 592 1981 iter
615 1916 800 2001 solidaeque
824 1913 896 2001 pios
919 1913 1046 1981 telluris
1069 1915 1216 1981 alumnos

430 2023 557 2108 expulit
580 2023 614 2088 in
637 2023 755 2090 fluetus
778 2024 963 2110 pelagoque
985 2022 1121 2112 immisit
1143 2021 1247 2088 hianti

431 2131 535 2196 eudes
558 2131 705 2219 ingenii?
740 2151 800 2196 nee
822 2123 908 2196 enim
931 2129 1104 2196 temeraria
1124 2130 1232 2195 uirtus

429 2238 485 2303 ille
509 2238 627 2325 magis,
649 2259 792 2304 summae
815 2238 959 2326 gelidum
982 2259 1066 2323 quae
1087 2235 1202 2303 Pelion
1224 2235 1323 2302 Ossae
1516 2257 1550 2304 es

430 2344 536 2410 iunxit
554 2345 826 2430 anhelantemque
848 2344 935 2432 iugis
953 2345 1006 2410 bis
1024 2344 1144 2429 pressit
1162 2344 1347 2429 Olympum.

429 2474 532 2538 nsque
555 2452 676 2518 adeone
699 2473 814 2538 parum
837 2452 942 2517 lentes
965 2452 1103 2518 66666166
1125 2451 1261 2537 paludes

429 2563 609 2646 stagnoque
628 2565 661 2624 et
679 2565 836 2648 angustos
854 2560 1059 2626 summittere
1077 2558 1236 2645 pontibus
1253 2561 1386 2625 amnes?

431 2665 516 2732 imus
540 2667 574 2732 in
597 2666 774 2753 abruptum
797 2666 1001 2755 gentilesque
1024 2665 1168 2752 undique
1190 2671 1294 2733 terres

429 2773 574 2861 fugimus
596 2775 713 2863 exigue
736 2775 835 2840 eleusi
858 2775 953 2840 trabe
976 2776 1009 2839 et
1031 2796 1105 2841 sere
1127 2773 1223 2839 nudo.

431 2881 504 2946 inde
527 2882 617 2948 furor
639 2882 747 2947 uentis
769 2881 1021 2970 indignataeque
1045 2879 1206 2966 proeellae

431 2993 463 3053 et
487 2989 565 3054 eseli
589 2989 738 3054 fremitus
761 2994 795 3055 et
817 2989 955 3055 fulmine
976 2987 1072 3074 plura
1092 2988 1241 3054 Tonanti.

430 3102 504 3162 ente
527 3099 614 3162 retes
637 3095 733 3184 pigro
756 3096 932 3183 torpebant
955 3117 1097 3180 aequore
1118 3117 1232 3161 somno

430 3225 489 3268 neo
512 3225 662 3289 spumare
685 3203 798 3270 Thetis
820 3226 880 3269 nee
902 3225 1056 3292 spargere
1078 3203 1193 3269 nubila
1214 3203 1332 3268 fluetus

429 3310 605 3376 audebant:
641 3311 721 3377 uisis
743 3315 932 3377 tumuerunt
955 3311 1126 3396 puppibus
1148 3310 1252 3376 undae
1517 3331 1549 3378 76

330 3457 428 3464 --η--ι

307 3544 341 3594 66
360 3539 455 3596 Serius
470 3557 484 3596 e
499 3541 587 3612 puppi
602 3547 646 3594 66
673 3541 762 3596 Seuus
777 3544 806 3597 et
819 3543 938 3611 (6166666
952 3541 1026 3598 timu
1040 3542 1139 3597 addito
1156 3558 1175 3596 a
1189 3541 1344 3609 Politioeo,
1362 3549 1394 3598 66
1407 3549 1552 3612 appareret
1590 3560 1594 3568 ·

217 3643 308 3684 enon
326 3646 381 3685 esse
403 3633 435 3685 ie
452 3633 567 3701 antiquo
589 3633 690 3700 eods'ee)
709 3632 747 3685 A‘
780 3631 887 3686 666666
905 3647 921 3686 6
939 3629 1029 3702 puppi
1046 3635 1101 3684 u
1137 3630 1227 3704 Senes
1249 3633 1280 3685 et
1301 3635 1357 3686 66
1388 3631 1478 3704 Spuns
1501 3629 1550 3685 nbi

217 3721 322 3772 eB—
344 3717 1219 3790 eonisi...carinaesspauouaeuo,nisiismeermus
1245 3721 1553 3791 meoparonem,-

217 3809 249 3861 in
267 3826 285 3861 a
303 3809 405 3864 laeena
427 3811 499 3865 ieter
522 3808 579 3863 iem
602 3817 628 3865 et
651 3809 760 3879 carine,
788 3812 819 3865 in
841 3813 966 3881 morpioe
989 3809 1040 3864 Do.
1059 3808 1177 3865 cedente
1213 3813 1224 3862 1
1247 3812 1375 3864 currente
1406 3810 1554 3864 adnotasset

219 3895 390 3965 Potitium,
418 3899 533 3965 sortasse
555 3899 637 3954 etiam
664 3918 750 3970 supro
774 3901 903 3955 lacernam
926 3901 1075 3970 adempsit
1106 3899 1161 3954 mle
1182 3901 1250 3970 quid
1278 3897 1358 3954 deest
1380 3898 1494 3954 verbnm
1522 3897 1553 3952 in

217 3985 335 4056 antiqno
354 4018 390 4027 —
408 3992 441 4041 61
462 3987 616 4056 abscisum
644 4006 712 4046 corr.
733 3993 823 4042 6666
850 4021 883 4029 -
912 3993 947 4043 66
970 3987 1096 4056 hiantes3
1124 3995 1230 4044 core&
1259 4020 1294 4029 -
1327 3993 1361 4042 66
1385 3989 1429 4042 ter
1450 3987 1554 4059 pressit

222 4075 328 4132 Walter
345 4107 381 4118 -
400 4081 434 4132 76
452 4076 618 4147 gaudebant
636 4079 824 4134 Martenses
842 4109 876 4119 -

218 4214 430 4226 ——..

308 4313 342 4363 66
359 4308 447 4364 Theb.
458 4308 496 4363 1v
506 4317 559 4364 696
574 4309 599 4364 V
609 4316 661 4365 666
680 4308 765 4382 longo
776 4310 942 4366 61616666-
953 4309 1002 4367 Sil.
1013 4309 1046 4364 16.
1057 4309 1096 4364 111
1107 4315 1158 4364 166
1177 4308 1254 4365 66166
1268 4309 1303 4364 (16
1312 4325 1407 4382 puppe
1417 4309 1553 4382 magister

218 4397 827 4455 66666666666166-6906.1166Χ1Π67
846 4398 881 4454 de
895 4415 970 4454 naue
983 4398 1154 4454 nouissimus
1168 4398 1213 4454 exi
1228 4431 1262 4440 -
1283 4405 1319 4454 60
1337 4399 1469 4456 11666666.
1483 4399 1552 4454 1146

217 4489 347 4541 sumente
364 4484 461 4542 serina
487 4519 520 4529 -
549 4493 581 4543 61
593 4505 653 4558 sqq.
673 4491 708 4558 os.
728 4497 864 4545 66666666.
889 4521 923 4530 -
946 4488 1034 4544 Theb.
1049 4489 1089 4542 111
1103 4494 1154 4542 662
1171 4487 1283 4544 miseris
1300 4489 1495 4544 animantibus
1519 4521 1553 4530 —

218 4581 253 4631 66
272 4573 335 4632 Vel
350 4575 390 4630 11.
406 4575 484 4631 1616
503 4577 582 4633 misit
599 4577 629 4633 16
649 4595 771 4648 aequora
789 4581 887 4650 gentes
911 4611 944 4620 —
969 4576 1240 4634 646116116166
1258 4578 1353 4632 audax
1368 4581 1373 4648 Ι
1388 4577 1496 4649 ingenii
1518 4607 1553 4620 —-

218 4671 253 4720 66
273 4666 322 4721 On,
338 4665 500 4721 11661166
518 4667 643 4724 excussit
656 4667 783 4724 subiecto
803 4666 899 4724 Pelion
914 4667 1003 4724 Ossae
1021 4667 1268 4736 et.Hor.o.1114.
1284 4674 1318 4723 62
1336 4667 1420 4738 Verg.
1436 4668 1552 4724 (11661

219 4787 253 4796 —-
272 4759 306 4809 67
324 4755 400 4811 Pers.
416 4756 429 4808 Ι
443 4759 477 4810 66
495 4773 585 4828 usqne
604 4757 711 4814 sdeone
731 4801 737 4815 .
754 4804 759 4816 .
776 4801 782 4815 .
801 4757 873 4814 nihil
892 4760 936 4814 est
952 4760 988 4827 ef.
1007 4758 1087 4822 16666
1115 4756 1204 4813 Theb.
1218 4757 1257 4811 IV
1271 4761 1323 4811 676
1342 4757 1553 4826 usqueadeone

216 4863 317 4918 perum
332 4877 368 4886 -
386 4849 419 4900 66
438 4845 542 4903 Lucan.
555 4847 576 4898 V
589 4853 641 4902 276
660 4847 732 4904 imus
746 4847 776 4903 in
790 4865 871 4904 omne
885 4847 967 4904 nefas
985 4847 1069 4920 Verg.
1079 4848 1112 4903 6
1122 4847 1175 4902 ΧΠ
1188 4852 1239 4902 667
1268 4846 1453 4903 (1166611666.
1464 4847 1552 4902 uses

219 4935 308 4992 fertur
325 4935 356 4991 in
375 4937 526 5008 abruptum
546 4979 551 4992 .
568 4981 596 4994 ..
616 4938 698 4994 nauis
718 4971 750 4980 -
