3775 5567
833 422 864 479 P.
882 420 1020 476 PAPINII
1039 420 1157 477 STATII

539 583 686 650 Vindicis
709 584 870 651 artificum
892 590 1021 651 ueteres
1043 606 1218 672 agnoscere
1239 583 1358 649 ductus

543 696 576 756 et
597 714 664 758 non
686 692 852 779 inscriptis
873 697 1040 779 auctorem
1062 691 1195 757 reddere
1220 690 1344 779 signis?

541 798 620 865 haec
642 799 706 866 tibi
729 823 810 886 quae
834 800 930 866 docto
953 800 1093 865 multum
1116 799 1253 886 uigilata
1274 798 1403 883 Myroni

540 929 628 993 aera,
650 907 817 974 laboriferi
840 908 955 975 uiuant
978 930 1060 994 quae
1083 930 1244 973 marmora
1266 906 1354 971 caelo

540 1014 728 1100 Praxitelis,
752 1015 838 1101 quod
862 1016 942 1081 ebur
965 1015 1079 1081 Pisaeo
1103 1014 1221 1099 pollice
1244 1037 1366 1099 rasum,

541 1122 619 1207 quid
641 1122 831 1209 Polyeliteis
853 1122 978 1188 iussum
1001 1122 1125 1208 spirare
1148 1121 1296 1206 caminis,

542 1229 628 1294 linea
651 1252 733 1317 quae
756 1236 899 1297 ueterem
921 1232 1019 1317 longe
1042 1229 1183 1296 fateatur
1205 1227 1357 1314 Apellen,

541 1338 750 1404 monstrabit:
785 1360 932 1423 namque¹
944 1337 1033 1422 haec,
1052 1336 1202 1421 quotiens
1222 1336 1338 1429 chelyn
1357 1336 1455 1422 exuit,
1474 1336 1521 1400 illi

544 1442 666 1509 desidia
689 1450 752 1532 est,
773 1445 828 1511 hic
850 1444 967 1511 Aoniis
990 1466 1082 1510 amor
1104 1447 1220 1509 auocat
1243 1444 1354 1510 antris.

632 1552 712 1618 haec
735 1552 821 1619 inter
844 1557 951 1618 castae
974 1551 1090 1640 genius
1114 1551 1280 1636 tutelaque
1303 1573 1432 1616 mensae

539 1658 852 1746 Amphitryoniades
875 1659 978 1725 multo
1002 1681 1074 1724 mea
1096 1658 1184 1744 cepit
1207 1681 1315 1724 amore

539 1771 672 1851 pectora
693 1790 753 1833 nec
775 1770 875 1855 longo
898 1766 1032 1833 satiauit
1054 1766 1178 1831 lumina
1201 1766 1286 1833 uisu:

541 1878 652 1940 tantus
674 1875 780 1941 honos
802 1870 893 1961 op’eri
916 1875 1062 1959 finesque
1085 1873 1210 1939 inclusa
1232 1896 1292 1959 per
1314 1878 1402 1941 artos

540 1982 704 2047 maiestas!
741 1982 820 2047 deus
843 1982 913 2067 ille,
935 1980 1027 2046 deus!
1069 2002 1201 2066 seseque
1224 1981 1398 2047 uidendum

542 2087 692 2174 indulsit,
713 2090 872 2176 Lysippe,
896 2088 959 2154 tibi
983 2109 1167 2173 paruusque
1191 2088 1294 2155 uideri

540 2196 717 2281 sentirique
740 2196 870 2284 ingens!
907 2199 941 2261 et
964 2216 1037 2261 eum
1061 2195 1220 2261 mirabilis
1243 2196 1329 2263 intra

541 2307 606 2369 stet
629 2326 779 2369 mensura
801 2303 930 2390 pedem,
953 2307 1063 2369 tamen
1087 2304 1266 2369 exclamare
1290 2306 1421 2389 libebit,

541 2412 568 2475 si
592 2410 681 2476 uisus
704 2434 764 2496 per
785 2410 933 2476 membra
955 2412 1052 2476 feres:
1089 2410 1163 2476 ‘hoe
1186 2416 1316 2497 pectore
1340 2436 1471 2499 pressus

541 2522 687 2584 uastator
709 2517 861 2599 Nemees,
884 2518 964 2583 haee
988 2517 1118 2583 exitiale
1142 2520 1291 2584 ferebant

542 2625 643 2690 robur
665 2628 699 2689 et
721 2624 849 2712 Argoos
872 2625 1069 2712 frangebant
1093 2625 1225 2691 brachia
1250 2627 1376 2693 remos'

541 2756 575 2817 a,
598 2732 705 2817 spatio
728 2737 797 2798 tam
820 2755 938 2820 magna
961 2732 1055 2797 breui
1078 2732 1243 2797 mendacia
1266 2734 1400 2801 formae!

544 2840 617 2926 quis
639 2840 753 2906 modus
777 2840 811 2905 in
834 2839 962 2927 dextra,
986 2845 1106 2926 quanta
1129 2841 1330 2926 experientia
1353 2842 1439 2908 docti

545 2948 691 3033 artificis,
714 2950 800 3015 curis
823 2948 946 3034 pariter
968 2948 1149 3035 gestamina
1171 2971 1299 3015 mensae

542 3056 665 3143 fingere
690 3060 723 3121 et
745 3056 896 3143 ingentes
917 3055 1026 3121 animo
1050 3076 1178 3121 uersare
1202 3056 1355 3122 colossos!

543 3162 609 3228 tale
631 3185 692 3229 nee
714 3162 820 3229 Idaeis
843 3164 1015 3249 quicquam
1039 3162 1209 3228 Telchines
1232 3164 1267 3229 in
1289 3164 1391 3229 antris

535 3254 605 3335 ‘nee
625 3270 762 3337 stolidus
779 3269 918 3337 Brontes
936 3292 1009 3356 nee,
1029 3270 1083 3355 qui
1103 3270 1188 3356 polit
1206 3294 1295 3336 arma
1313 3272 1458 3359 deorum,

546 3378 699 3444 Lemnius
722 3378 840 3466 exigua
862 3378 1025 3463 potuisset
1047 3377 1157 3443 ludere
1180 3400 1292 3443 masse·

543 3508 603 3551 nec
626 3490 720 3551 torua
742 3486 868 3573 effigies
891 3484 1060 3571 epulisque
1083 3484 1188 3549 aliena
1209 3485 1364 3573 remissis,

548 3592 604 3659 sed
627 3594 754 3679 qualem
776 3592 865 3680 parci
889 3592 1003 3657 domus
1026 3592 1184 3658 admirata
1206 3592 1363 3659 Molorchi

542 3705 599 3766 aut
622 3700 722 3766 Aleae
745 3700 827 3765 lucis
849 3700 933 3765 uidit
955 3699 1102 3787 Tegeaea
1125 3700 1273 3765 sacerdos

546 3808 651 3894 qualis
673 3813 707 3874 et
730 3806 860 3875 Oetaeis
883 3807 1019 3873 emissus
1041 3806 1075 3871 in
1098 3811 1186 3873 astra
1207 3807 1329 3873 fauillis

408 3936 544 3945 ——-—

418 4006 452 4055 25
480 4002 527 4057 bic
550 4002 604 4057 tibi
628 4021 643 4057 c
666 4036 699 4045 -
722 4010 757 4058 26
785 4002 870 4070 caeli;
898 4020 967 4059 corr.
987 4004 1130 4058 Acontius
1153 4034 1187 4042 —
1211 4007 1245 4055 ‘28
1274 4002 1350 4071 quod
1368 4003 1397 4057 P.
1414 4008 1454 4057 ςι
1473 4035 1507 4045 -
1526 4008 1561 4057 30
1586 4018 1664 4057 mon·

329 4090 444 4159 strauit;
471 4108 541 4149 corr.
562 4093 714 4149 Geacrtiua
740 4125 774 4133 -
803 4092 882 4147 exuit
903 4092 966 4161 ille;
993 4110 1062 4149 corr.
1086 4094 1157 4149 idem
1185 4124 1219 4132 -
1250 4098 1284 4145 35
1312 4110 1362 4163 per
1384 4095 1462 4146 artus
1486 4094 1625 4163 (peractos
1648 4109 1665 4144 ι

327 4182 360 4234 ia
386 4198 472 4253 morq.
498 4188 510 4235 1
535 4182 611 4253 ctiq⁰
642 4186 720 4238 artus
743 4183 803 4252 A·);
838 4184 932 4238 firmos
965 4185 1131 4253 (tenuesque
1158 4182 1319 4237 Bassianus
1351 4182 1521 4250 iuuenesque
1550 4182 1666 4249 Polster)

329 4268 440 4325 inclusa
466 4287 517 4342 per
544 4274 637 4327 arctus
660 4292 675 4326 c
703 4304 737 4313 —
765 4278 800 4326 39
826 4272 945 4342 pedum,
982 4290 1051 4328 corr.
1080 4272 1240 4327 Politianaa
1266 4304 1302 4313 —
1329 4278 1364 4326 43
1393 4288 1425 4325 ac
1454 4270 1595 4342 spacium3
1629 4286 1665 4324 an

329 4359 456 4429 spatior
479 4378 509 4430 a,
532 4360 625 4432 spatie
648 4362 834 4419 Bactros-riae
856 4390 891 4403 —
915 4368 949 4416 62
974 4364 1024 4417 aut
1046 4361 1140 4417 taleae
1163 4363 1255 4431 (etiam
1273 4362 1335 4431 A¹);
1363 4378 1432 4418 corr.
1451 4361 1572 4417 Herowl.
1591 4360 1664 4415 Bor-

328 4449 413 4505 bmc
432 4481 466 4489 -
484 4452 581 4520 tegern
599 4466 699 4509 como
717 4484 752 4493 -

419 4634 454 4683 25
473 4631 508 4697 cf.
528 4629 553 4683 11
567 4634 593 4685 2.
604 4634 706 4700 blaqq.
726 4662 759 4671 -
779 4636 814 4685 34
829 4630 927 4685 Claud.
943 4630 1003 4685 Stil.
1015 4630 1053 4684 111
1065 4636 1114 4685 197
1139 4646 1191 4684 nec
1206 4646 1282 4699 uaga
1292 4628 1396 4683 dilecto
1407 4629 1549 4684 satiantur
1557 4627 1665 4684 lumina

329 4715 411 4771 uultu
430 4719 465 4786 es.
480 4720 519 4775 nd
532 4718 557 4773 V
569 4724 593 4775 1.
605 4725 656 4774 1⁷5
674 4750 709 4760 —
728 4725 762 4773 36
781 4720 865 4792 Verg.
884 4719 943 4774 Eel.
959 4720 983 4773 V
999 4724 1033 4773 54
1052 4720 1135 4787 deus,
1155 4719 1224 4773 deus
1243 4718 1292 4773 illc
1310 4718 1397 4773 Theb.
1412 4718 1436 4770 V
1449 4724 1497 4773 751
1518 4718 1587 4775 deus
1602 4718 1665 4785 iste,

331 4806 399 4861 deus
418 4839 452 4847 -
475 4814 511 4862 40
525 4808 593 4863 Silu.
609 4808 705 4865 1352
729 4808 862 4879 nisusque
880 4826 931 4880 per
949 4808 1045 4863 omnia
1064 4808 1135 4863 duco
1159 4840 1194 4849 -
1216 4808 1278 4865 Seu.
1298 4808 1378 4863 Herc.
1399 4808 1428 4863 F.
1447 4814 1500 4861 224
1527 4806 1665 4862 maximus

329 4894 453 4953 Nemeae
470 4898 556 4953 timor
573 4915 685 4968 pressus
703 4898 817 4953 lacertis
835 4899 945 4969 gemuit
963 4896 1109 4952 Herculeis
1128 4897 1172 4951 leo
1192 4930 1225 4939 -
1245 4902 1277 4952 51
1298 4899 1332 4967 os.
1352 4897 1390 4951 ΙΙΙ
1407 4903 1429 4953 1.
1440 4902 1476 4951 4⁰
1484 4914 1544 4966 sqq.
1563 4928 1598 4937 —
