3775 5567
845 459 877 519 P.
895 460 1033 516 PAPlNlI
1051 460 1169 518 sanun

643 624 806 711 cedamus,
828 624 936 711 chely,
960 625 1024 691 iam
1047 648 1166 713 repone
1179 632 1318 695 eantus:

552 730 560 748 '
642 737 735 798 uates
757 732 899 799 sanctior
920 732 1050 818 ineipit,
1073 734 1243 800 tenendum
1266 716 1324 803 est.

643 840 696 904 en!
732 843 766 904 et
787 839 871 912 oolla
893 844 981 906 rotat
1003 841 1161 928 nouisque
1183 841 1249 908 late

643 946 819 1013 baechatur
842 948 958 1033 spatiis
981 948 1132 1034 uiamque
1154 950 1268 1035 replet.

643 1058 722 1120 tuno
744 1054 791 1120 sie
813 1054 962 1142 uirgineo
985 1057 1134 1140 profatur
1157 1079 1225 1123 ore:

733 1161 905 1249 ‘dicebam
927 1162 1037 1229 ueniet
1061 1161 1202 1251 (manete
1226 1166 1330 1252 oampi

642 1274 739 1355 atque
762 1270 892 1357 amnis),
915 1270 1024 1335 ueniet
1047 1271 1177 1337 fauente
1200 1273 1304 1360 oeelo,

643 1376 698 1461 qui
721 1376 852 1442 foedum
873 1398 987 1443 nemus
1010 1382 1044 1443 et
1066 1382 1178 1463 putres
1201 1379 1337 1447 harenas

643 1484 737 1549 eelsis
758 1484 915 1569 pontibus
937 1490 972 1551 et
994 1484 1048 1551 uia
1069 1485 1202 1551 leuabit.

643 1592 696 1657 en!
732 1591 786 1657 hie
809 1596 858 1657 est
880 1591 972 1677 deus,
994 1592 1081 1658 hune
1104 1592 1195 1659 iubet
1219 1595 1324 1661 beatis

643 1721 703 1785 pro
726 1720 760 1763 se
782 1697 933 1784 luppiter
954 1699 1113 1785 imperare
1136 1700 1244 1787 terris3

644 1828 708 1892 quo
730 1828 796 1872 non
819 1806 949 1893 dignior
970 1806 1030 1873 has
1053 1807 1143 1873 subit
1165 1808 1323 1896 habenas,

643 1936 682 1979 ex
706 1936 769 1999 quo
793 1936 844 1979 me
868 1914 948 1979 duee
972 1915 1133 1999 praescios
1155 1915 1277 1982 Auerni

642 2019 770 2086 Aeneas
791 2020 885 2086 auide
909 2021 1018 2086 futura
1042 2043 1198 2106 quaerens

642 2127 733 2193 luoos
756 2131 789 2192 et
812 2128 996 2214 penetrauit
1020 2132 1053 2193 et
1074 2128 1216 2214 reliquit

643 2235 697 2301 hie
718 2234 792 2320 paei
815 2234 933 2319 bonus,
957 2234 1010 2300 bio
1033 2235 1194 2303 timendus
1216 2238 1328 2322 armis,

643 2342 770 2410 Natura
792 2342 907 2408 melior
929 2341 1172 2429 potentiorque:

643 2449 748 2518 hiasi
771 2449 990 2536 flammigeros
1012 2453 1137 2516 teneret
1160 2473 1250 2538 axes,

643 2557 757 2645 largis,
779 2555 883 2639 India,
905 2556 1052 2622 nubibus
1073 2557 1230 2644 madores,

644 2664 780 2730 undaret
801 2663 919 2749 Libye,
942 2668 1069 2749 teperet
1092 2664 1242 2731 Haemus.

644 2773 747 2857 salue,
770 2771 835 2837 dux
858 2769 1026 2836 hominum
1049 2775 1083 2837 et
1105 2794 1222 2856 parens
1246 2772 1392 2859 deorum,

642 2879 811 2967 prouisum
831 2878 912 2944 mihi
935 2878 1164 2964 conditumque
1187 2902 1321 2967 numen,

643 3010 703 3054 neo
725 2986 790 3052 iam
813 2986 966 3071 putribus
989 2987 1120 3052 euoluta
1142 2986 1263 3053 chartis

584 3150 592 3165 .
644 3093 793 3160 sollemni
816 3114 911 3178 praee
934 3092 1116 3179 quindecim
1139 3094 1285 3160 uirorum

645 3201 806 3287 perlustra
829 3222 901 3265 mea
923 3200 1022 3287 diota,
1045 3200 1100 3266 sed
1124 3206 1291 3267 canentem

643 3309 748 3395 ipsam
771 3308 963 3393 comminus,
986 3312 1023 3373 ut
1045 3308 1190 3394 mereris,
1214 3308 1296 3374 audi.

644 3416 719 3493 audi
743 3436 839 3501 quam
862 3414 977 3480 seriem
1001 3415 1154 3480 merentis
1176 3415 1248 3480 aeui

645 3527 838 3609 pronectant
859 3522 923 3587 tibi
947 3521 1099 3587 oandidae
1122 3542 1260 3587 sorores:

644 3652 782 3718 magnus
804 3634 837 3695 te
860 3633 970 3694 manet
993 3627 1071 3694 ordo
1094 3628 1306 3713 saeculorum,

644 3738 730 3804 natis
752 3736 881 3824 longior
903 3735 1185 3822 abnepotibusque

644 3868 746 3911 annos
769 3848 928 3930 perpetua
953 3864 1046 3931 geres
1069 3842 1214 3931 iuuenta,

645 3975 726 4039 quos
748 3954 852 4017 fertur
874 3950 1018 4037 placidos
1041 3950 1145 4016 adisse
1167 3949 1300 4035 Nestor,
1330 3980 1332 3985 ·

646 4082 728 4146 quos
750 4058 903 4124 Tithonia
925 4062 1094 4143 aomputat
1117 4062 1265 4123 senectus

645 4171 678 4233 et
702 4170 840 4252 quantos
863 4188 924 4253 ego
948 4164 1077 4231 Delium
1101 4164 1244 4249 poposci.

648 4274 768 4340 iurauit
791 4273 853 4338 tibi
877 4272 941 4337 iam
964 4272 1082 4338 niualis
1106 4271 1237 4356 AiotuS,

646 4403 733 4448 nuno
755 4402 890 4468 magnos
909 4378 1024 4446 Oriens
1048 4379 1139 4445 dabit
1162 4379 1356 4466 triumphos:
1425 4462 1429 4473 ¹

437 4585 487 4635 125
505 4579 613 4647 fauete;
635 4594 734 4634 corae
760 4608 796 4617 -
824 4581 876 4631 140
894 4574 1093 4646 cognitumque
1112 4590 1214 4629 numen
1233 4593 1247 4627 ο
1274 4606 1307 4614 -
1338 4578 1389 4629 146
1408 4572 1467 4629 uidi
1486 4590 1584 4643 qnam3
1608 4590 1676 4631 oorr.

347 4670 482 4727 Heluam
495 4701 529 4710 -
549 4667 648 4734 seriem
666 4683 733 4723 corr.
748 4671 791 4720 Bo
804 4698 840 4707 -
860 4670 910 4720 150
927 4664 1058 4736 placidus
1077 4662 1185 4719 subisse
1200 4662 1335 4719 Heinsius
1360 4662 1488 4733 placidos
1506 4662 1599 4719 obisse
1615 4681 1628 4716 ο
1642 4694 1676 4705 -

437 4852 487 4901 122
505 4846 589 4916 Verg.
603 4846 637 4901 A.
651 4844 691 4901 VI
705 4850 738 4899 Π
762 4843 893 4899 immanis
906 4844 938 4898 in
952 4846 1033 4898 antro
1046 4842 1202 4898 baechatur
1215 4843 1296 4896 uates
1311 4873 1345 4882 -
1363 4846 1413 4895 126
1428 4840 1531 4896 Luoan.
1546 4838 1611 4895 Vlll
1624 4843 1677 4896 830

346 4937 443 5009 putres
462 4935 582 4991 harenas
600 4966 635 4977 -
655 4941 706 4990 145
725 4932 774 4990 Sil.
789 4934 823 4989 It
837 4934 877 4988 III
891 4938 944 4987 630
962 4932 1065 5004 pandit
1082 4930 1182 4988 seriem
1200 4930 1312 4986 uenturi
1327 4930 1447 4987 ..aeui
1465 4962 1500 4972 -
