3775 5567
847 442 875 497 P.
896 441 1035 497 1³less
1053 441 1172 498 STA‘l'H

552 607 762 692 Armeniique
785 605 920 692 Indique
944 607 1075 691 petunt!
1111 628 1131 672 o
1154 605 1259 673 sidere
1282 606 1396 672 dextro

553 714 652 799 edite,
676 714 780 780 multa
803 713 865 780 tibi
889 713 1001 780 diuum
1024 714 1227 802 indulgentia
1248 714 1345 779 fauit!

555 823 634 889 olim
656 821 769 908 etiam,
791 845 832 888 ne
856 821 962 907 prima
984 843 1084 909 genas
1106 821 1226 909 lanugo
1248 820 1392 887 nitentes

553 933 701 1014 carperet
723 935 757 995 et
779 929 934 1014 pulchrae
959 928 1100 995 hisceret
1122 929 1228 1017 gratia
1250 929 1385 1014 formae,

552 1037 623 1122 ipse
647 1037 726 1102 deus
749 1035 874 1122 patriae
898 1036 1016 1102 celsam
1040 1041 1129 1102 trans
1152 1058 1292 1122 aequora
1314 1037 1413 1122 liquit

551 1143 741 1232 Pergamon.
787 1143 873 1210 haud
896 1143 955 1209 ulli
977 1165 1115 1230 puerum
1137 1143 1265 1210 mollire
1287 1148 1433 1228 potestas

552 1251 687 1339 credita,
711 1251 767 1316 sed
789 1252 889 1317 tacita
912 1251 1040 1316 iuuenis
1062 1251 1247 1317 Phoebeius
1269 1255 1340 1316 arte

550 1359 668 1425 leniter
690 1359 776 1426 haud
799 1358 867 1424 ullo
891 1380 1081 1424 concussum
1105 1357 1238 1424 uulnere
1262 1380 1380 1443 corpus

551 1466 590 1532 de
613 1489 694 1533 sexu
716 1465 855 1533 transire
877 1465 979 1532 iubet.
1024 1470 1134 1530 tamen
1156 1465 1253 1531 anxia
1275 1464 1361 1531 curis

549 1574 716 1640 mordetur
739 1573 897 1659 puerique
920 1572 1016 1638 timet
1038 1572 1198 1658 Cytherea
1221 1573 1357 1638 dolores.

549 1682 692 1748 nondum
716 1681 852 1766 pulchra
875 1679 966 1746 ducis
988 1679 1160 1746 clementia
1182 1684 1334 1763 coeperat
1356 1686 1431 1746 ortu

550 1789 689 1855 intactos
713 1811 841 1855 seruare
864 1809 983 1873 mares3
1004 1809 1091 1854 nunc
1113 1787 1263 1875 frangere
1286 1810 1400 1854 sexum

550 1901 647 1982 atque
670 1895 835 1962 hominem
858 1900 985 1960 mutare
1005 1894 1098 1962 nefas
1120 1894 1296 1982 gauisrque
1319 1895 1406 1962 solos

550 2026 632 2088 quos
655 2003 769 2091 genuit
790 2007 906 2068 natura
928 2003 1033 2088 uidet,
1054 2024 1115 2068 nec
1137 2002 1210 2090 lege
1232 2002 1365 2069 sinistra

550 2111 633 2177 ferre
657 2110 774 2177 timent
796 2110 936 2178 famulae
958 2114 1111 2175 natorum
1133 2110 1277 2195 pondera
1300 2115 1428 2177 matres.

550 2222 587 2283 tu
605 2239 734 2304 quoque
752 2240 838 2284 nunc
856 2217 998 2304 iuuenis,
1016 2217 1146 2305 genitus
1164 2217 1192 2283 si
1211 2217 1335 2283 tardius
1354 2240 1455 2305 esses,

550 2326 783 2412 umbratusque
806 2347 906 2412 genas
929 2329 963 2390 et
985 2324 1113 2391 adultos
1136 2324 1253 2390 fortior
1275 2329 1365 2391 artus

548 2455 615 2499 non
638 2455 738 2498 unum
761 2432 905 2520 gaudens
927 2431 1081 2498 Phoebea
1103 2432 1144 2497 ad
1165 2432 1280 2497 limina
1301 2454 1419 2498 munus

550 2539 707 2626 misisses;
730 2539 853 2624 patrias
875 2560 963 2604 nunc
985 2539 1073 2604 solus
1096 2539 1195 2605 crinis
1217 2539 1259 2605 ad
1281 2562 1355 2605 oras

550 2647 692 2735 nauiget.
716 2685 760 2694 -
781 2647 868 2711 hunc
890 2645 994 2712 multo
1016 2644 1141 2731 Paphie
1164 2647 1333 2712 saturabat
1355 2669 1495 2734 amomo,

548 2755 635 2820 hunc
656 2775 743 2821 noua
764 2753 945 2841 tergemina
967 2753 1121 2838 pectebat
1144 2753 1256 2820 Gratia
1279 2755 1400 2821 dextra.

548 2862 624 2928 huic
647 2867 682 2928 et
703 2861 859 2947 purpurei
882 2860 975 2926 cedet
997 2883 1089 2926 coma
1111 2861 1221 2927 saucia
1241 2861 1315 2927 Nisi

549 2974 582 3036 et
606 2991 702 3055 quam
725 2968 880 3054 Sperchio
903 2967 1048 3034 tumidus
1069 2969 1222 3034 seruabat
1244 2967 1397 3036 Achilles.

548 3077 627 3162 ipsi,
650 3099 723 3142 cum
746 3075 888 3161 primunr
909 3075 1040 3142 niueam
1062 3097 1271 3162 praecerpere
1293 3076 1435 3143 frontem

550 3185 714 3250 decretum
737 3187 786 3250 est
809 3183 1025 3268 humerosque
1047 3205 1145 3248 manu
1166 3183 1289 3249 nudare
1310 3184 1466 3270 nitentes,

550 3292 724 3357 adcurrunt
746 3289 850 3356 teneri
873 3289 1000 3376 Paphia
1022 3311 1095 3355 cum
1118 3294 1222 3356 matre
1244 3291 1393 3357 uolucres

550 3397 791 3484 expediuntque
814 3419 922 3464 comas
946 3401 980 3462 et
1001 3397 1104 3464 serica
1126 3402 1257 3482 pectore
1280 3403 1408 3481 ponunt

550 3505 657 3591 pallia.
704 3510 781 3570 tunc
804 3505 923 3571 iunctis
946 3504 1067 3570 crinem
1090 3503 1230 3570 incidere
1252 3505 1383 3593 sagittis

549 3617 646 3698 atque
665 3633 743 3678 auro
761 3612 962 3700 gemmisque
980 3612 1102 3696 locant,
1119 3611 1207 3697 rapit
1225 3612 1297 3697 ipsa
1314 3613 1482 3680 cadentem

550 3724 653 3786 mater
676 3724 709 3787 at
732 3740 865 3786 arcanos
887 3719 987 3784 iterat
1008 3717 1169 3804 Cytherea
1190 3719 1342 3805 liquores.

549 3833 627 3894 tunc
650 3849 732 3914 puer
754 3849 772 3892 e
796 3827 906 3911 turba,
928 3826 1080 3892 manibus
1104 3826 1159 3911 qui
1183 3827 1267 3892 forte
1290 3827 1416 3913 supinis

549 3935 660 4001 nobile
684 3938 847 4022 gemmato
871 3932 1039 4018 speculum
1061 3939 1251 4018 portauerat
1272 3955 1364 4002 auro:

336 4047 375 4052 —
394 4046 549 4054 ——-—

425 4117 459 4166 68
478 4112 555 4166 haud
573 4109 631 4180 il1i;
649 4128 748 4167 com
775 4141 809 4152 —
837 4127 955 4181 puerum
978 4109 1108 4165 lenireB
1135 4142 1169 4151 -
1199 4115 1233 4165 70
1250 4113 1364 4182 torpens
1379 4130 1408 4178 ις
1427 4113 1575 4170 meraca
1594 4113 1668 4169 Poli-

336 4203 459 4256 tiancsi
482 4200 577 4271 antiq⁰
600 4199 642 4255 sic
664 4203 680 4256 e
704 4216 821 4271 corpeus
839 4210 866 4254 οο
891 4217 1004 4271 corpna3
1037 4216 1153 4270 corpeus
1171 4205 1224 4254 n
1256 4218 1357 4272 corpus
1374 4209 1434 4258 cett.
1463 4234 1498 4242 -
1526 4207 1558 4257 81
1583 4201 1669 4258 crinis

335 4291 418 4346 ctiam
431 4290 468 4342 Δ·
491 4321 525 4330 -
548 4295 582 4345 83
601 4307 688 4360 nunc;
707 4297 808 4346 coras
832 4321 866 4330 -
890 4290 1067 4361 repetebat·
1092 4321 1123 4330 -
1150 4295 1184 4345 84
1206 4288 1313 4345 Paucis
1326 4290 1363 4343 A·
1386 4291 1575 4360 (commutem
1593 4290 1669 4347 Poli-

335 4381 430 4436 craece
449 4379 502 4436 set
520 4380 553 4448 P)
580 4378 674 4433 faccia
692 4379 759 4433 113ι
785 4411 816 4420 -
845 4385 879 4433 91
904 4379 1051 4447 cadentes3
1074 4397 1143 4437 corr.
1163 4379 1332 4437 Schradems
1353 4412 1389 4421 -
1416 4385 1450 4435 91
1470 4397 1574 4436 arcano
1592 4384 1668 4436 satu-

333 4472 380 4524 rat
397 4467 425 4524 0.
445 4467 553 4539 liquore
572 4469 740 4526 Scluadcrue
758 4501 791 4509 —

424 4652 458 4702 cc
476 4647 558 4701 Mart.
573 4647 586 4701 I
600 4653 642 4701 31.
659 4654 674 4700 c
696 4647 762 4702 dum
776 4646 856 4702 nulla
869 4647 960 4702 baeti
978 4647 1093 4702 sordem
1109 4647 1244 4719 lanugine
1257 4647 1354 4704 uultus
1373 4681 1405 4690 -
1427 4654 1458 4703 71
1479 4647 1548 4705 sau.
1562 4646 1622 4705 ne.
1633 4655 1669 4714 40

335 4735 368 4790 de
388 4753 456 4791 sexu
474 4735 594 4791 transim
613 4735 712 4791 iubant
735 4769 768 4777 -
792 4735 1007 4794 ailu.V1.11a
1032 4735 1118 4790 anxia
1135 4752 1217 4791 curas
1245 4769 1279 4778 -
1308 4743 1342 4795 88
1361 4737 1410 4793 Sil.
1428 4739 1462 4794 It.
1478 4738 1595 4794 vnue
1622 4742 1669 4794 ast

335 4823 409 4880 alius
432 4825 561 4897 (Cupido)
587 4825 672 4881 niuea
695 4827 826 4882 comebat
853 4827 944 4881 fronte
973 4824 1105 4896 capillos,
1133 4843 1286 4898 purpureos
1315 4827 1388 4882 alius
1411 4827 1500 4882 naath
1526 4827 1669 4898 religabat

338 4914 458 4970 amictus
477 4947 511 4956 -
536 4923 569 4970 93
590 4915 773 4972 Silulaa1
798 4915 845 4971 hic
862 4932 931 4988 puer
950 4932 966 4970 e
984 4913 1069 4970 turba
1086 4915 1233 4973 uolucrum
1251 4949 1285 4958 —
