3775 5567
750 487 937 545 SEVARVM
955 488 996 543 111
1014 493 1030 542 2

434 675 494 720 nec
516 652 660 720 liburna
683 653 796 719 domus
818 652 961 738 solisque
985 652 1106 718 cubilia
1128 651 1255 718 uades!
1279 689 1320 698 -

435 762 482 827 sic
504 761 550 828 ait
574 765 607 827 et
629 766 766 849 tangens
789 765 977 849 surgentem
998 759 1158 825 altaribus
1179 759 1290 846 ignem

435 868 639 954 populeaque
662 889 796 934 mouens
819 867 965 933 albentia
987 871 1134 952 tempora
1157 865 1241 932 silua

434 979 468 1041 et
490 973 593 1064 Styga
616 980 649 1041 et
671 975 806 1041 aetherii
829 974 950 1041 iurauit
972 973 1110 1040 tulmina
1131 973 1242 1059 patris.

879 1281 899 1344 2

455 1507 461 1520 ,
496 1411 560 1527 lli,
582 1440 701 1526 quibus
725 1440 859 1506 audaces
882 1463 972 1506 amor
995 1444 1045 1505 est
1067 1460 1196 1505 seruare
1219 1438 1344 1504 cannas

434 1569 593 1633 saeuaque
617 1548 744 1613 uentosi
767 1548 906 1614 mulcere
930 1547 1075 1632 pericula
1097 1546 1205 1632 ponti,

434 1653 568 1720 sternite
587 1654 684 1720 molle
703 1655 822 1720 fretum
841 1653 1068 1740 placidumque
1086 1653 1246 1719 aduertite
1264 1651 1351 1718 uotis

434 1761 605 1828 concilium
630 1766 662 1828 et
684 1762 767 1828 lenis
789 1784 854 1827 non
878 1762 1049 1847 obstrepat
1071 1762 1156 1828 unda
1179 1760 1338 1847 precanti:

525 1869 657 1958 ‘grande
676 1874 733 1937 tuo
748 1892 919 1957 rarumque
934 1871 1056 1957 damus,
1074 1869 1238 1956 Neptune,
1255 1867 1416 1953 profundo
1538 1880 1554 1928 t

434 1976 628 2062 depositum.
673 1977 800 2045 iuuenis
823 1978 923 2043 dubio
947 1977 1162 2043 committitur
1184 1976 1251 2040 alto

433 2071 576 2150 Maecius
594 2088 690 2170 atque
709 2085 833 2150 animae
852 2090 979 2174 partem
997 2107 1096 2170 super
1113 2104 1255 2168 aequora
1267 2084 1396 2148 nostrae

436 2189 590 2257 maiorem
613 2192 787 2258 transferre
810 2197 912 2278 perat.
959 2193 1102 2278 proferte
1126 2189 1268 2277 benigna

434 2297 539 2364 sidera
562 2303 595 2365 et
618 2304 787 2365 antemnae
810 2299 940 2388 gemino
965 2298 1121 2365 considite
1145 2318 1258 2381 cornu,

435 2403 562 2471 Oebalii
586 2408 715 2494 fratres3
738 2407 834 2474 uobis
857 2412 1041 2492 pontusque
1065 2405 1224 2491 polusque

434 2513 555 2600 luceat,
577 2512 693 2580 Iliacae
715 2513 812 2601 longe
835 2513 985 2580 nimbosa
1007 2512 1126 2579 sororis

436 2625 523 2686 astra
545 2621 671 2708 fugate,
694 2644 821 2708 precor,
844 2626 979 2706 totoque
1003 2619 1164 2686 excludite
1187 2618 1284 2685 eaelo.

436 2750 495 2794 uos
519 2750 648 2814 quoque
671 2728 853 2794 caeruleum
875 2729 984 2814 ponti,
1006 2727 1175 2812 Nereides,
1199 2748 1329 2814 agmen,

434 2835 507 2921 quie
529 2835 634 2902 honor
656 2840 689 2901 et
712 2834 804 2923 regni
827 2835 924 2902 cessit
947 2837 1077 2901 fortuna
1099 2833 1228 2900 secundi

434 2941 554 3030 (dicere
580 2965 662 3030 quaa
685 2941 795 3032 magni
818 2944 867 3010 fas
886 2943 928 3009 sit
953 2942 1033 3008 mihi
1056 2940 1161 3008 sidera
1185 2939 1309 3029 ponti),
1522 2955 1554 3004 lb

434 3051 558 3139 surgite
582 3051 621 3116 de
644 3051 758 3117 uitreis
782 3073 953 3136 spumosae
975 3049 1115 3117 Doridos
1137 3049 1240 3116 antris

434 3159 638 3244 Baianosque
662 3157 752 3224 sinus
774 3162 808 3223 et
830 3159 898 3223 feta
919 3156 1110 3243 tepentibus
1132 3157 1227 3222 undis

434 3267 531 3332 litora
554 3264 729 3351 tranquillo
753 3264 901 3331 certatim
925 3265 1048 3330 ambite
1070 3269 1197 3351 natatu,

435 3378 626 3460 quaerentes
644 3373 702 3438 ubi
722 3372 809 3438 celsa
825 3371 918 3458 ratis,
937 3393 1035 3457 quam
1053 3372 1203 3438 scandere
1222 3370 1342 3460 gaudet

433 3480 553 3548 nobilis
579 3480 739 3546 Ausoniae
763 3479 855 3545 Celer
877 3479 1104 3564 armipotentis
1126 3478 1284 3544 alumnus,
1520 3493 1554 3542 ao

433 3611 492 3655 nec
511 3587 694 3674 quaerenda
712 3587 781 3674 diu,
799 3587 894 3654 modo
912 3609 989 3652 nam
1007 3591 1098 3652 trans
1116 3608 1256 3672 aequora
1273 3585 1369 3651 terris

224 3735 436 3743 n———-----·

308 3839 326 3890 2
348 3834 613 3907 Propempticon
633 3834 763 3891 Maecio
782 3834 948 3892 Celeri-
973 3841 1006 3889 15
1025 3833 1119 3890 dicere
1136 3851 1208 3903 qnae
1227 3833 1361 3890 Heinsius
1383 3865 1416 3876 -—
1442 3839 1474 3889 17
1494 3833 1556 3890 lota

224 3925 406 3993 Wakefieldas
424 3957 459 3966 —
479 3930 512 3980 19
531 3941 588 3995 qna
606 3926 753 3995 scandera;
776 3943 845 3982 corr.
866 3927 1001 3982 Heinsius
1018 3955 1052 3966 -

221 4073 433 4082 ——-

307 4179 334 4230 2.
346 4180 379 4229 10
403 4174 479 4232 Seru.
499 4175 537 4231 ad
555 4175 638 4247 Verg.
653 4175 686 4232 G.
701 4175 739 4230 IV
756 4181 806 4230 125
827 4175 861 4231 de
875 4174 991 4230 (laetere
1005 4179 1035 4230 et
1047 4174 1162 4232 Polluce
1177 4175 1220 4232 ait
1233 4175 1342 4231 Statius
1361 4173 1555 4232 Oebalidae

220 4263 351 4320 fratres
370 4265 405 4334 of.
424 4271 515 4322 waren
533 4264 619 4321 Theb.
636 4265 661 4320 V
676 4270 727 4320 438
747 4263 902 4320 Oebalidae
920 4263 1027 4337 gemini
1045 4297 1078 4306 —

306 4521 332 4570 a.
350 4519 363 4568 1
384 4514 447 4571 Val.
463 4514 504 4572 lll.
520 4516 599 4570 lta?
618 4514 662 4585 di,
686 4515 790 4585 quibos
809 4514 949 4570 undarum
965 4515 1201 4586 tempestatisque
1220 4532 1339 4572 sonorae
1356 4513 1506 4586 imperium
1520 4547 1553 4556 -

220 4607 236 4658 8
254 4603 370 4660 'l'heecn
384 4603 436 4660 VII
451 4609 484 4659 et
509 4602 661 4676 zdtsedsec
680 4613 854 4675 evocassem
876 4603 912 4660 τὰ
931 4604 1043 4675 κύματα
1067 4604 1122 4660 τάν
1138 4623 1168 4660 τε
1186 4605 1337 4661 θάλασσαν
1354 4602 1404 4660 τόν
1421 4623 1451 4659 τε
1470 4601 1554 4659 νότον

218 4692 268 4748 τόν
282 4691 309 4748 τ’
327 4689 410 4763 stans
429 4727 463 4736 -
482 4699 498 4748 6
517 4694 583 4750 Hor.
599 4693 688 4750 Oarm.
704 4693 716 4748 Ι
731 4699 755 4750 3.
771 4701 787 4749 ὁ
806 4693 901 4764 mnis,
920 4709 994 4764 quae
1012 4693 1067 4748 tibi
1085 4693 1224 4750 creditum
1242 4694 1329 4749 debes
1342 4692 1500 4766 Vergilium
1519 4726 1553 4736 -

218 4781 322 4839 Lucan.
332 4783 357 4837 Π
368 4789 401 4837 ⁷2
421 4783 589 4854 depositum,
608 4783 741 4854 Fortuna,
759 4787 840 4840 tuum
850 4783 988 4840 Clandlt.
997 4783 1040 4838 Pr⁴
1052 4783 1091 4838 111
1103 4789 1154 4838 120
1168 4783 1262 4838 Burs
1277 4815 1310 4824 —
1330 4789 1345 4838 'l
1364 4785 1400 4851 cf.
1414 4791 1552 4840 emam.

219 4901 253 4912 -—
281 4871 528 4929 enormes
548 4873 792 4929 musellenses
815 4872 912 4928 lucida
930 4872 1024 4928 sidera
1051 4905 1084 4913 —
1117 4878 1152 4926 14
1174 4871 1485 4928 nonannoeane
1508 4873 1554 4930 cui

219 4975 287 5016 eura
305 4961 444 5017 secundae
464 4961 547 5018 sortis
566 4965 597 5018 et
613 4961 746 5032 aequorei
764 4961 851 5018 cessit
867 4961 961 5018 tutela
977 4961 1110 5017 tridentis
1128 4995 1163 5004 —
