3775 5567
752 440 937 496 stavauvu
957 440 970 493 Ι
990 447 1006 494 2

427 605 587 691 prosiluit.
624 605 727 671 celsae
751 604 864 690 procul
887 603 995 689 aspice
1018 603 1136 668 frontis
1158 603 1297 667 honores

429 719 683 801 suggestumque
707 734 824 778 comae.
871 712 980 776 Latias
1003 710 1117 776 metire
1141 710 1218 795 quid
1241 710 1327 774 ultra

427 821 566 885 emineat
590 826 720 885 matres:
745 823 902 905 quantum
925 817 1063 884 Latonia
1085 816 1247 903 nymphas

428 928 520 1014 uirgo
543 928 662 1013 premit
685 931 905 1013 quantumque
928 929 1058 1014 egomet
1080 924 1236 991 Nereidas
1259 930 1344 989 exto.

428 1036 506 1099 haec
529 1039 562 1100 et
585 1034 740 1100 caeruleis
762 1056 887 1099 mecum
911 1055 1103 1121 consurgere
1127 1032 1225 1119 digna

427 1143 581 1207 fluetibus
605 1147 638 1207 et
660 1148 771 1208 nostra
794 1142 903 1227 potuit
926 1141 1090 1207 considere
1113 1141 1235 1206 concha

429 1254 475 1337 et,
498 1250 526 1314 si
548 1250 765 1338 flammigeras
788 1250 950 1334 potuisset
972 1249 1124 1315 scandere
1147 1248 1239 1314 sedes

427 1356 549 1441 hasque
572 1357 693 1423 intrare
716 1357 841 1442 domos,
864 1357 928 1442 ipsi
953 1356 1115 1442 erraretis,
1137 1355 1283 1421 Amores.
1498 1372 1550 1421 120

428 1464 502 1529 huic
526 1464 674 1550 quamuis
698 1488 812 1531 census
836 1464 978 1530 dederim
1001 1464 1120 1552 largita
1143 1464 1266 1546 beatos,

429 1571 531 1637 uincit
554 1595 635 1657 opes
657 1572 773 1639 animo.
811 1573 958 1658 queritur
980 1573 1044 1637 iam
1068 1571 1162 1637 Seras
1185 1592 1300 1635 auaros

429 1684 603 1766 augustum
627 1679 766 1765 spoliare
789 1702 903 1745 nemus
927 1679 1164 1765 Clymeneaque
1187 1678 1298 1744 deesse

429 1788 574 1874 germina
596 1810 656 1853 nec
679 1788 798 1854 uirides
821 1787 900 1853 satis
923 1787 1125 1853 inlacrimare
1149 1809 1283 1871 sorores,

429 1893 550 1960 uellera
572 1894 704 1961 Sidonio
728 1896 793 1960 iam
816 1918 920 1980 pauca
942 1895 1113 1960 rubescere
1137 1894 1215 1960 tabo

429 2023 563 2087 raraque
585 2001 754 2091 longaeuis
775 2003 908 2068 niuibus
932 2002 1084 2087 crystalla
1106 2001 1216 2090 galeri.

429 2108 504 2173 huic
527 2108 684 2175 Hermum
707 2110 862 2194 fuluoque
885 2108 1012 2196 Tagum
1034 2109 1200 2173 decurrere
1222 2106 1310 2192 limo,

429 2238 487 2280 nec
509 2216 589 2283 satis
611 2216 652 2281 ad
688 2216 793 2283 cultus
817 2256 859 2263 -
882 2216 959 2282 hiric
980 2215 1061 2281 Inda
1082 2215 1216 2281 monilia
1239 2214 1394 2281 Glaucum

429 2322 610 2408 Proteaque
633 2328 730 2409 atque
754 2346 882 2389 omnem
905 2324 1046 2391 Nereida
1068 2346 1222 2409 quaerere
1245 2323 1333 2388 iussi.

429 2429 511 2495 hanc
534 2430 562 2496 si
585 2430 787 2497 Thessalicos
810 2432 957 2517 uidisses,
978 2431 1121 2518 Phoebe,
1144 2453 1203 2515 per
1224 2452 1322 2517 agros

430 2542 551 2603 erraret
573 2560 684 2605 secura
706 2538 853 2623 Daphne.
891 2539 918 2604 si
942 2539 1095 2604 inlitora
1118 2538 1203 2604 Naxi

430 2646 589 2711 Theseum
613 2646 704 2711 iuxta
727 2647 812 2712 foret
833 2645 913 2712 haec
936 2651 1111 2731 conspecta
1134 2645 1248 2731 cubile,

430 2752 571 2819 Gnosida
594 2754 752 2819 desertam
775 2754 932 2841 profugus
954 2753 1104 2840 liquisset
1127 2757 1160 2819 et
1183 2752 1308 2817 Euhan.

433 2861 520 2945 quod
542 2860 604 2926 nisi
629 2884 680 2926 me
703 2861 810 2949 longis
833 2861 993 2946 placasset
1015 2859 1097 2927 Iuno
1121 2860 1270 2945 querelis,

430 2967 531 3035 falsus
554 2968 629 3033 huic
652 2990 775 3054 pennas
799 2975 832 3033 et
855 2990 976 3035 cornua
998 2973 1140 3033 sumeret
1162 2968 1292 3033 aethrae

431 3080 545 3160 rector,
568 3076 602 3141 in
624 3075 707 3142 hano
730 3099 808 3142 uero
832 3076 999 3142 cecidisset
1021 3075 1171 3161 luppiter
1193 3098 1280 3141 auro.

218 3240 430 3249 *M

308 3348 359 3399 113
377 3342 510 3397 honorem
525 3349 543 3397 ς
558 3374 594 3382 -
610 3348 659 3396 119
679 3341 816 3398 uoluisset
834 3342 968 3397 scandere
985 3342 1047 3397 Otto
1066 3372 1099 3382 -
1121 3346 1171 3395 122
1189 3340 1328 3411 queritur;
1347 3358 1416 3397 corr.
1434 3342 1551 3396 Vollmer

218 3432 361 3501 querimur
376 3433 549 3505 Peyraredus
567 3464 599 3471 -
622 3438 671 3486 123
691 3434 842 3501 angustum
857 3440 874 3487 ς
894 3462 928 3471 -
950 3437 999 3485 127
1019 3431 1085 3484 hinc
1103 3431 1248 3498 Hermum
1267 3448 1336 3486 corr.
1351 3448 1365 3483 ο
1378 3462 1414 3471 -
1429 3436 1480 3484 128
1494 3430 1552 3484 uda

216 3520 335 3576 monilia
354 3528 371 3575 ς
391 3551 424 3561 -
445 3526 494 3575 131
515 3538 614 3577 secura
632 3520 758 3591 daphnes
778 3521 808 3575 in
825 3519 921 3589 litore;
942 3519 967 3574 si
985 3523 1100 3591 agnouit
1120 3521 1226 3575 Tollius
1249 3550 1283 3560 -
1308 3526 1359 3573 136
1379 3536 1459 3574 uerso
1478 3518 1550 3573 caci-

219 3609 310 3665 disset
327 3610 482 3681 Heraoyius
499 3642 534 3651 -

309 3864 359 3913 135
379 3860 476 3919 laudat
493 3860 692 3917 Priscianus
711 3861 736 3914 11
755 3880 781 3931 p.
799 3866 849 3916 104
877 3863 913 3929 cf.
928 3861 966 3916 ad
984 3861 997 3914 I
1017 3867 1107 3917 1.10·1
1126 3892 1158 3901 -

218 4014 430 4023 ——....--

310 4118 359 4167 115
379 4112 447 4168 Aah.
467 4112 478 4165 Ι
499 4117 550 4166 293
574 4110 622 4165 sed
646 4113 782 4180 quantum
805 4109 909 4163 umidas
932 4109 1029 4181 pelagi
1051 4110 1146 4164 Venus
1169 4110 1269 4164 addita
1288 4110 1433 4180 Nympha-s
1455 4110 1551 4165 obruit

222 4204 273 4255 aut
290 4202 393 4257 umeris
412 4205 549 4271 quantum
567 4200 659 4255 Diana
676 4199 812 4268 relinquit
830 4198 952 4267 Naidas,
977 4199 1093 4269 effulget
1115 4202 1228 4253 tantum
1250 4201 1350 4271 regina
1371 4200 1465 4255 decori
1484 4201 1549 4254 Dei-

219 4290 321 4345 damea
339 4290 417 4346 chori
434 4290 614 4362 pulchrisque
633 4290 775 4344 sororibus
794 4289 890 4344 obstat
925 4289 961 4357 cs.
979 4288 1043 4346 Val.
1063 4288 1103 4344 Fl.
1123 4288 1148 4343 V
1167 4295 1219 4343 343
1229 4309 1289 4360 sqq.
1314 4322 1347 4329 -
1372 4296 1422 4344 122
1446 4290 1550 4345 Tibull.

219 4380 258 4433 111
277 4385 302 4435 8.
323 4386 355 4433 lo
380 4379 441 4435 sola
463 4380 622 4451 puellarum
646 4378 732 4450 digna
754 4382 809 4448 est,
833 4378 879 4433 cui
898 4378 996 4432 mollia
1013 4378 1087 4433 caris
1106 4378 1213 4433 uellera
1232 4380 1281 4434 det
1298 4380 1374 4434 sucis
1392 4380 1437 4434 bis
1455 4380 1551 4433 made-

220 4468 297 4524 facta
319 4469 419 4539 Tyros,
443 4470 656 4539 possideatque,
679 4468 762 4523 metit
780 4467 917 4537 quidquid
941 4468 1013 4523 bene
1035 4468 1177 4523 olentibus
1200 4469 1277 4523 aruis
1300 4468 1391 4523 cultor
1415 4468 1551 4523 odoratae

220 4558 300 4613 dines
318 4559 409 4613 Arabs
429 4559 533 4629 segetis
556 4562 585 4615 et
607 4575 798 4627 quascumque
822 4558 902 4628 niger
924 4558 1008 4613 rubro
1027 4557 1062 4612 de
1086 4557 1168 4613 litore
1187 4573 1313 4629 gemmas
1331 4557 1474 4629 proximus
1492 4556 1551 4610 eois

219 4644 330 4717 colligit
343 4647 428 4701 ludus
443 4648 524 4718 aquis
557 4648 667 4703 Petron.
683 4646 752 4703 Bell.
766 4646 819 4703 cin.
832 4653 863 4701 11
880 4646 945 4701 hinc
960 4646 1100 4701 Numidae
1114 4649 1249 4701 accusant
1262 4646 1341 4700 illinc
1356 4663 1430 4700 noua
1444 4646 1552 4701 uellera

218 4736 299 4791 Seres
318 4740 404 4806 atque
423 4738 548 4792 Arabum
565 4737 686 4808 populns
705 4754 756 4791 sua
775 4735 985 4805 despoliauerat
1003 4754 1073 4791 arua
1109 4736 1192 4807 Verg.
1208 4736 1308 4805 Georg.
1323 4736 1362 4789 lv
1378 4741 1429 4789 132
1453 4752 1551 4806 regum

219 4826 362 4894 aequabat
380 4844 447 4897 opes
466 4826 568 4881 animis
588 4859 622 4869 —
642 4832 693 4881 124
713 4824 908 4881 'thenneso
926 4825 1019 4881 flebile
1037 4843 1152 4897 germen
1166 4825 1352 4895 Hesperidum
1367 4824 1505 4880 stava.
1517 4832 1551 4880 80

219 4911 424 4985 lacrimosaque
442 4916 624 4986 germina-
643 4922 694 4970 135
711 4918 748 4984 cs.
768 4913 863 4971 Sidon.
883 4915 911 4971 Ο.
926 4915 1013 4971 xlae
1028 4933 1088 4985 sqq.
1111 4946 1147 4955 -

274 5014 399 5069 Vanam,
414 5016 507 5057 sestius
521 5016 599 5057 silvas.
1321 5011 1337 5056 b
