3775 5567
839 451 869 506 P.
889 450 1026 506 PAPINII
1044 449 1162 506 susan

558 613 674 679 Pieriis
698 635 834 698 aequare
857 613 969 680 modis.
1015 614 1072 680 uix
1095 613 1206 679 ordine
1229 613 1328 700 longo

558 723 711 786 suffecere
734 721 829 808 oculi,
854 721 920 808 uix,
943 722 1020 787 dum
1043 745 1102 807 per
1124 721 1254 809 singula
1277 721 1384 807 ducor,

557 830 709 894 suffecere
733 828 860 916 gradus.

909 959 991 1023 quae
1014 959 1121 1003 rerum
1144 938 1254 1003 turba!
1286 937 1391 1003 locine

557 1043 723 1131 ingenium
746 1067 787 1110 an
810 1044 931 1111 domini
955 1045 1052 1110 mirer
1074 1046 1190 1131 prius?
1226 1046 1305 1110 haec
1328 1045 1442 1110 domus
1464 1047 1555 1108 ortus

557 1151 674 1236 aspicit
697 1157 730 1216 et
752 1152 878 1218 Phoebi
901 1157 1050 1218 tenerum
1073 1152 1177 1237 iubar,
1201 1153 1257 1217 illa
1279 1152 1446 1218 cadentem

556 1257 680 1325 detinet
704 1265 913 1346 exactamque
936 1264 1036 1347 negat
1059 1260 1222 1325 dimittere
1245 1259 1360 1346 lucem,

557 1387 630 1430 cum
654 1367 718 1432 iam
741 1369 825 1433 fessa
848 1367 916 1433 dies
938 1372 972 1433 et
994 1367 1030 1432 in
1051 1389 1192 1452 aequora
1214 1366 1336 1433 montis
1359 1363 1452 1450 opaci

557 1473 672 1539 umbra
695 1475 781 1540 cadit
804 1474 973 1560 uitreoque
996 1478 1110 1540 natant
1132 1475 1296 1560 praetoria
1319 1477 1431 1558 ponto.

556 1579 635 1646 haec
658 1582 766 1670 pelagi
791 1583 930 1649 clamore
953 1583 1105 1669 hamunt,
1128 1582 1207 1647 haec
1229 1585 1316 1647 tecta
1338 1600 1474 1646 sonoros

557 1687 709 1774 ignorant
731 1690 849 1756 fluctus
872 1695 1041 1775 terraeque
1064 1690 1195 1755 silentia
1217 1689 1350 1754 malunt.

556 1794 607 1859 his
631 1797 713 1862 fauit
735 1797 861 1863 Natura
883 1796 973 1884 locis,
996 1797 1050 1862 hic
1072 1797 1160 1863 uicta
1182 1797 1300 1863 colenti

558 1902 655 1968 cessit
679 1908 712 1968 et
734 1904 865 1992 ignotos
889 1904 1003 1970 docilis
1026 1905 1210 1970 mansueuit
1233 1904 1266 1969 in
1289 1927 1375 1970 usus.

556 2032 649 2075 mons
673 2015 742 2076 erat
764 2011 827 2098 hic,
850 2011 907 2077 ubi
932 2012 1030 2097 plana
1052 2011 1151 2099 uides,
1174 2015 1208 2077 et
1230 2011 1333 2077 lustra
1354 2012 1496 2096 fuerunt,

556 2139 638 2201 quae
656 2141 742 2184 nunc
761 2123 847 2186 tecta
866 2119 970 2205 subis3
994 2120 1051 2184 ubi
1070 2141 1156 2186 nunc
1175 2141 1307 2185 nemora
1324 2119 1424 2184 ardua
1442 2117 1555 2203 cernis,

557 2223 611 2290 hic
633 2248 693 2291 nec
715 2230 802 2292 terra
825 2227 896 2292 fuit.
942 2227 1067 2292 domuit
1090 2249 1259 2312 possessor
1282 2230 1315 2291 et
1337 2225 1429 2290 illum

558 2332 752 2399 formantem
774 2355 873 2419 rupes
892 2338 1198 2421 expugnantemque
1221 2337 1331 2399 secuta

556 2441 676 2527 gaudet
698 2441 824 2506 humus.
861 2464 947 2508 nunc
970 2464 1064 2508 cerne
1087 2442 1200 2529 iugum
1223 2441 1380 2507 discentia
1402 2463 1480 2506 saxa

556 2547 778 2635 intrantesque
802 2550 914 2615 domos
938 2549 1124 2635 iussumque
1147 2549 1293 2614 recedere
1316 2553 1470 2614 montem.

556 2654 620 2720 iam
644 2655 865 2742 Methymnaei
889 2657 975 2723 uatis
996 2679 1112 2722 manus
1135 2660 1168 2721 et
1191 2654 1302 2740 chelys
1325 2677 1390 2720 una

555 2761 696 2828 Thebais
720 2768 753 2829 et
777 2763 880 2831 Getici
904 2764 997 2830 cadat
1018 2763 1081 2829 tibi
1105 2763 1209 2850 gloria
1232 2763 1361 2848 plectri:

556 2876 590 2935 et
613 2875 649 2936 tu
673 2895 751 2937 saxa
774 2895 894 2956 moues,
917 2877 950 2938 et
974 2877 1006 2936 te
1029 2893 1162 2936 nemora
1184 2870 1250 2936 alta
1272 2875 1433 2936 secuntur.

645 2979 723 3064 quid
746 2979 882 3045 referam
905 2984 1032 3044 ueteres
1055 3000 1210 3064 ceraeque
1233 2979 1380 3065 aerisque
1403 2979 1537 3064 figuras:

556 3086 582 3151 si
607 3086 685 3172 quid
707 3085 835 3172 Apellei
859 3087 1002 3174 gaudent
1025 3086 1183 3151 animasse
1207 3085 1339 3170 colores,

555 3193 583 3258 si
606 3194 685 3278 quid
707 3194 812 3259 adhuc
835 3216 937 3260 uacua
956 3199 1064 3259 tamen
1087 3193 1278 3259 admirabile
1300 3193 1376 3258 Pisa

555 3301 728 3366 Phidiacae
751 3324 857 3367 rasere
881 3323 1004 3384 manus,
1027 3300 1113 3385 quod
1135 3300 1177 3364 ab
1202 3304 1271 3364 arte
1294 3299 1439 3383 Myronis

557 3410 613 3474 aut
636 3408 816 3494 Polycliteo
839 3409 962 3474 iussum
986 3412 1035 3472 est
1058 3407 1145 3492 quod
1168 3407 1278 3473 uiuere
1301 3407 1388 3471 caelo

556 3537 693 3601 aeraque
716 3517 757 3581 ab
782 3515 966 3581 Isthmiacis
988 3537 1066 3579 auro
1090 3515 1219 3599 potiora
1241 3514 1372 3598 fauillis,

555 3645 611 3689 ora
634 3623 751 3688 ducum
774 3645 811 3688 ac
834 3627 946 3688 uatum
970 3621 1217 3707 sapientumque
1240 3642 1296 3688 ora
1319 3621 1474 3706 priorum,

556 3751 637 3814 quos
660 3729 723 3794 tibi
747 3751 823 3795 cura
845 3729 945 3814 sequi,
969 3751 1050 3814 quos
1072 3732 1143 3793 toto
1167 3732 1298 3813 pectore
1321 3727 1432 3814 sentis,
1641 3745 1674 3795 70

431 3931 465 3979 52
493 3924 540 3978 hic
566 3922 645 3978 uicta
663 3927 732 3977 m
768 3922 815 3977 hic
842 3941 881 3978 απ
907 3922 953 3976 his
979 3925 1113 3979 immin
1137 3925 1170 3978 io
1187 3927 1215 3976 Ι
1241 3922 1286 3977 his
1304 3929 1363 3979 cett.
1392 3955 1427 3962 —
1455 3929 1488 3977 66
1517 3938 1575 3992 qua
1601 3939 1675 3976 nunc

343 4013 473 4070 Klotzius
491 4045 524 4055 -

431 4217 465 4265 42
486 4209 534 4266 Sil.
549 4211 581 4265 It.
596 4209 661 4264 XIV
676 4215 727 4264 646
747 4208 844 4264 ordine
862 4209 948 4279 longo
975 4241 1010 4250 -
1038 4209 1106 4265 Silo.
1120 4208 1159 4263 111
1174 4216 1230 4266 1.8
1253 4210 1302 4264 uix
1324 4209 1413 4265 oculis
1436 4207 1586 4278 animoque
1604 4208 1674 4264 fides

345 4303 379 4370 cs.
395 4299 615 4356 Mensulas
644 4299 691 4355 Sil.
707 4299 739 4354 It.
750 4297 800 4353 XV
812 4303 907 4352 213-
923 4304 957 4353 46
972 4298 1117 4370 ingenium
1130 4301 1164 4367 cs.
1175 4301 1434 4355 commortuoadl
1443 4303 1468 4354 3.
1479 4297 1673 4353 15—Sidon.

343 4389 433 4446 Carm.
449 4389 525 4444 XXIl
540 4395 592 4443 164
610 4388 734 4460 porticus
755 4431 804 4444 ...
825 4387 888 4458 ipsa
906 4387 983 4442 diem
1002 4390 1105 4443 natum·
1119 4387 1208 4442 cernit
1229 4420 1260 4428 -
1280 4393 1315 4442 48
1333 4387 1416 4458 vorg.
1431 4387 1489 4442 Ecl.
1504 4388 1517 4440 Ι
1532 4393 1566 4442 88
1584 4387 1674 4442 maio·

341 4497 441 4550 resque
469 4479 575 4534 cadunt
602 4477 668 4533 altis
697 4477 732 4534 de
759 4477 901 4532 montibus
924 4478 1041 4532 umbrae
1060 4510 1092 4518 -
1118 4481 1152 4546 cf.
1172 4480 1210 4532 ud
1228 4477 1296 4533 Silo.
1311 4477 1324 4530 Ι
1338 4483 1363 4532 8.
1380 4482 1413 4530 18
1427 4495 1467 4546 sq.
1496 4476 1582 4532 Theb.
1598 4476 1673 4531 1142

339 4570 432 4626 medio
451 4573 534 4624 natat
551 4569 651 4622 umbra
670 4567 808 4638 profundo
846 4565 944 4621 Claud.
964 4566 997 4620 R.
1015 4565 1092 4620 Pros.
1107 4565 1212 4620 111441
1231 4565 1316 4620 fuluis
1336 4565 1457 4621 adnatat
1474 4565 1575 4619 umbra
1592 4565 1673 4619 fretis

341 4692 377 4700 -
394 4666 429 4715 64
449 4660 529 4731 Prop.
545 4658 622 4714 1v4.
640 4662 672 4712 18
691 4674 787 4712 murus
806 4659 1025 4728 arantmontes3
1043 4655 1260 4710 ubinunoest.
1277 4699 1305 4710 ..
1342 4654 1566 4711 Silu.1111.1es
1585 4653 1673 4709 nortis

341 4747 370 4802 in
399 4767 479 4803 usum
506 4748 596 4803 lustra
623 4745 755 4802 habitata
782 4745 848 4800 feris
877 4777 909 4785 —
943 4751 977 4799 68
1002 4743 1070 4799 Silu.
1085 4743 1098 4796 1
1113 4748 1137 4798 3.
1148 4749 1183 4798 66
1210 4744 1358 4816 picta...
1378 4745 1486 4816 gaudet
1511 4744 1613 4798 humus
1638 4775 1672 4784 -

341 4843 375 4892 61
386 4855 445 4907 sqq.
474 4840 510 4900 cf.
536 4836 696 4892 Silu.1vo.
713 4843 746 4890 ⁶25
757 4853 817 4904 sqq.
846 4835 1031 4889 Mert.IV³9
1056 4865 1089 4873 —
1113 4833 1293 4889 silu.v1.o
1318 4833 1616 4905 Apelleo...oolore
1640 4867 1671 4875 -

342 4933 376 4982 68
396 4926 464 4982 Silo.
480 4927 504 4982 V
520 4931 544 4982 8.
562 4935 611 4983 114
630 4943 680 4982 ora
698 4941 894 4998 supergressus
913 4923 1017 4994 Pylii*
1036 4922 1130 4995 gregis
1149 4939 1255 4993 oraque
1273 4924 1348 4994 regis
1367 4923 1490 4979 Dulichii
1510 4956 1542 4964 -
