3775 5567
852 474 882 529 P.
902 473 1040 530 PAPINII
1058 473 1177 530 suam

559 642 592 703 et
615 638 753 703 Lucrina
775 636 887 704 Venus
909 637 1120 725 Phrygioque
1143 662 1160 705 e
1183 640 1305 706 uertice
1327 638 1440 706 craias

559 745 715 826 addiscas,
738 744 875 830 Misene,
899 745 996 810 tubas
1018 746 1167 832 ridetque
1191 747 1333 834 benigna

559 852 764 938 Parthenope
787 852 910 940 gentile
933 875 1060 918 sacrum
1082 854 1251 939 nudosque
1274 855 1417 920 uirorum

559 965 701 1026 certatus
724 965 757 1026 et
780 982 882 1045 parua
904 981 981 1026 suae
1004 960 1175 1026 simulacra
1197 983 1341 1028 coronae.

559 1067 638 1153 quin
660 1089 720 1155 age
744 1066 870 1152 etipse
894 1067 1002 1133 libens
1025 1068 1150 1153 proprii
1173 1069 1358 1135 certaminis
1380 1074 1471 1136 actus

558 1175 681 1241 inuicta
704 1173 837 1262 dignare
860 1197 971 1256 manu,
994 1197 1052 1240 seu
1074 1175 1188 1241 nubila
1210 1175 1298 1242 disco

557 1283 680 1348 findere
704 1303 759 1348 seu
782 1281 930 1347 uolucres
952 1281 1121 1368 Zephyros
1143 1284 1335 1368 praeoedere
1358 1284 1424 1351 telo

558 1412 615 1455 seu
639 1389 702 1455 tihi
725 1388 817 1454 dulce
840 1411 937 1454 manu
961 1388 1100 1474 Libycas
1123 1391 1243 1457 nodare
1266 1392 1457 1477 palaestras,

560 1497 693 1584 indulge
716 1496 815 1562 sacris
838 1501 887 1580 et,
910 1497 937 1562 si
961 1497 1024 1563 tibi
1048 1520 1145 1582 poma
1167 1504 1343 1583 supersunt

559 1604 790 1690 Hesperidum,
812 1602 936 1690 gremio
961 1604 1157 1669 uenerabilis
1180 1604 1291 1691 ingere
1313 1605 1437 1692 Pollae,

558 1733 634 1777 nam
657 1710 745 1796 capit
768 1715 802 1776 et
824 1714 953 1776 tantum
975 1732 1041 1776 non
1064 1711 1274 1798 degenerabit
1297 1712 1460 1778 honorem.

559 1819 695 1906 quodsi
719 1819 811 1884 dulce
835 1818 931 1884 decus
955 1818 1138 1904 uiridesque
1161 1823 1337 1886 resumeret
1359 1841 1475 1905 annos,

559 1928 599 1992 da
622 1926 762 2011 ueniam,
784 1925 910 2009 Alcide,
932 1925 1000 1992 fors
1022 1927 1098 1992 huic
1121 1930 1155 1991 et
1177 1948 1278 2010 pensa
1299 1927 1439 1993 tulisses.

646 2035 726 2099 haec
749 2055 809 2120 ego
837 2038 1006 2099 nascentes
1028 2033 1134 2099 laetus
1157 2033 1333 2100 bacchatus
1355 2035 1395 2099 ad
1418 2057 1490 2101 aras

558 2142 736 2207 libamenta
759 2140 828 2205 tuli.
873 2162 960 2206 nunc
983 2139 1054 2224 ipse
1081 2179 1118 2188 -
1144 2141 1178 2206 in
1200 2141 1312 2206 limine
1336 2164 1430 2208 cerno

558 2249 738 2316 soluentem
762 2269 858 2313 uoces
881 2251 914 2312 et
937 2248 1016 2313 talia
1039 2248 1125 2313 dicta
1147 2248 1318 2315 ferentem:

558 2357 673 2422 ‘macte
697 2355 813 2420 animis
836 2355 1020 2440 opibusque
1042 2377 1131 2420 meos
1154 2355 1279 2421 imitate
1302 2356 1443 2444 labores,

558 2464 614 2550 qui
637 2463 759 2550 rigidas
782 2485 880 2547 rupes
903 2461 1157 2548 infecundaeque
1180 2462 1331 2548 pudenda

555 2575 689 2637 naturae
713 2570 840 2635 deserta
863 2569 975 2634 domas
998 2574 1031 2634 et
1053 2569 1155 2635 uertis
1178 2570 1213 2635 in
1235 2593 1329 2636 usum

556 2679 660 2744 lustra
681 2677 831 2743 habitata
853 2675 930 2742 feris
953 2677 1109 2763 foedeque
1131 2677 1268 2742 latentia
1290 2679 1416 2762 profers

556 2785 696 2851 numina
729 2806 810 2869 quae
829 2783 892 2849 tibi
911 2806 997 2850 nunc
1016 2785 1206 2850 meritorum
1222 2785 1366 2870 praemia
1384 2786 1530 2852 soluam?
1626 2807 1677 2854 116

557 2915 637 2978 quas
659 2891 796 2958 referam
818 2891 950 2978 grates?
989 2891 1162 2957 Parcarum
1185 2892 1241 2958 fila
1263 2893 1383 2960 tenebo

557 3000 791 3085 extendamque
814 2997 904 3065 colus
927 2997 1054 3087 (duram
1078 2999 1144 3065 scio
1167 2999 1296 3066 uincere
1318 2999 1486 3088 Mortem);
1579 3029 1584 3036 ·

432 3163 436 3170 .
556 3112 702 3174 auertam
724 3108 832 3174 luctus
855 3111 888 3172 et
911 3105 1019 3173 tristia
1042 3106 1158 3172 damna
1180 3107 1299 3172 uetabo

556 3220 653 3300 teque
675 3214 758 3280 nihil
781 3214 903 3280 laesum
927 3213 1023 3278 uiridi
1046 3215 1209 3280 renouabo
1233 3219 1362 3281 senecta

556 3323 791 3407 concedamque
813 3321 869 3386 diu
892 3321 1025 3387 iuuenes
1048 3325 1195 3406 spectare
1217 3326 1366 3408 nepotes,

556 3431 657 3495 donec
680 3433 713 3494 et
735 3427 788 3494 hic
812 3449 950 3513 sponsae
973 3432 1119 3493 maturus
1142 3431 1176 3492 et
1197 3427 1255 3493 ills
1276 3428 1406 3514 manto,

556 3559 667 3603 rursus
690 3540 723 3602 et
746 3557 786 3600 ex
809 3534 876 3600 illis
898 3535 1030 3600 suboles
1051 3556 1138 3601 noua
1159 3555 1303 3623 grexque
1326 3541 1500 3621 proteruus

555 3667 641 3712 nunc
662 3643 807 3710 humeris
830 3642 974 3727 inreptet
997 3642 1049 3706 aui
1072 3663 1159 3707 nunc
1181 3642 1310 3730 agmine
1334 3643 1453 3710 blando

556 3751 704 3818 certatim
728 3749 872 3836 placidae
895 3753 1066 3815 concurrat
1088 3749 1128 3813 ad
1151 3749 1261 3816 oscula
1282 3750 1401 3816 Pollae.

555 3883 630 3926 nam
653 3857 786 3944 templis
808 3877 987 3942 numquam
1009 3860 1173 3922 statuetur
1195 3857 1352 3924 terminus
1375 3858 1461 3946 aeui,

555 3967 631 4032 dum
654 3987 705 4031 me
724 3963 916 4051 flammigeri
939 3963 1088 4048 portabit
1109 3963 1259 4029 machina
1280 3964 1374 4046 caeli,

553 4095 613 4140 nec
632 4073 711 4139 mihi
730 4072 805 4157 plus
822 4071 944 4137 Nemee
963 4071 1169 4157 priscumque
1187 4070 1392 4137 habitabitur
1410 4070 1517 4158 Argos

432 4290 481 4340 151
511 4284 645 4342 adsciscis
674 4285 860 4340 Marchadas
887 4317 921 4326 —
955 4289 1006 4339 166
1035 4283 1123 4354 digna
1149 4300 1236 4338 manu
1258 4283 1299 4337 11ι
1335 4282 1455 4356 dignata
1481 4290 1613 4340 mannB
1641 4317 1674 4326 -

344 4379 394 4430 167
413 4373 538 4445 liquidas
556 4374 661 4430 nodare
679 4374 866 4430 Marklandus
891 4373 1000 4428 nudare
1018 4391 1036 4426 a
1059 4405 1092 4414 -
1118 4378 1169 4427 162
1188 4373 1245 4428 fors
1263 4371 1323 4438 hic;
1347 4391 1416 4430 corr.
1436 4380 1454 4429 ς
1473 4405 1507 4416 -
1532 4379 1582 4428 161
1601 4391 1676 4430 nuno

342 4464 435 4534 ipsum
454 4482 468 4517 o
487 4495 520 4506 -
541 4470 592 4520 166
612 4463 690 4518 dicta
708 4465 847 4518 serentem
865 4461 1001 4520 Heinsius
1019 4494 1053 4504 -
1074 4468 1124 4518 182
1144 4479 1242 4534 argum
1265 4479 1334 4520 corr.
1349 4467 1401 4517 611
1418 4495 1451 4504 -

432 4682 483 4733 166
512 4675 579 4732 Sila.
595 4677 618 4730 V
635 4681 659 4732 3.
675 4681 709 4732 66
737 4693 793 4732 non
816 4677 935 4732 finderet
958 4693 1024 4732 aera
1047 4675 1125 4731 disco
1162 4677 1229 4732 Ach.
1249 4677 1342 4732 Π164
1368 4676 1399 4732 in
1425 4677 1527 4733 nubila
1553 4678 1673 4734 condere

342 4768 492 4824 discos-
522 4773 572 4822 166
591 4765 674 4838 Verg.
689 4767 721 4821 A.
737 4767 787 4820 XII
802 4771 855 4821 346
878 4783 951 4835 equo
968 4769 1146 4837 praeuertere
1165 4770 1265 4822 uentos
1289 4799 1322 4808 -
1352 4772 1403 4821 166
1422 4767 1487 4822 Hor.
1503 4767 1531 4823 O.
1546 4767 1585 4821 IV
1599 4773 1624 4822 4.
1640 4773 1674 4822 66

343 4857 379 4912 ab
403 4857 464 4928 ipso
487 4856 567 4912 ducit
585 4873 651 4926 opes
671 4855 850 4926 animumque
874 4857 947 4912 ferro
972 4889 1005 4896 —
1035 4861 1083 4910 171
1104 4856 1187 4926 Verg.
1202 4858 1233 4911 A.
1249 4856 1288 4910 XI
1303 4862 1355 4912 606
1378 4873 1449 4926 quas
1468 4855 1561 4911 dicere
1579 4858 1674 4926 grater

342 4963 450 5018 quasue
467 4946 570 5002 referre
588 4961 684 5017 parem
702 4949 737 5016 cs.
758 4945 826 5002 suu.
841 4945 879 5000 IV
895 4953 918 5000 2.
936 4951 1002 5014 laq.
1017 4979 1052 4988 —
