3775 5567
745 461 931 517 SILVARVM
948 461 1001 515 Vs

421 650 487 693 non
510 626 645 713 uulgare
667 625 758 711 loqui
781 629 814 691 et
837 625 1109 709 famam'sperare
1132 622 1290 708 sepulcro.

422 734 527 819 qualis
545 755 629 821 eras,
646 732 759 798 Latios
777 733 927 817 quotiens
945 754 1007 819 ego
1026 730 1165 797 carmine
1183 734 1292 816 patres

422 842 596 907 mulcerem
619 840 761 926 felixque
784 840 833 905 tui
856 845 1021 926 spectator
1042 840 1169 906 adesses

421 948 577 1034 muneris,
599 947 664 1013 heu
687 947 774 1032 quali
798 947 951 1013 confusus
973 946 1092 1035 gaudia
1113 948 1193 1013 fletu

421 1062 500 1123 uota
522 1055 659 1142 piosque
682 1060 788 1120 metus
812 1054 898 1121 inter
919 1055 1105 1141 laetumque
1128 1054 1298 1139 pudorem!

422 1186 519 1249 quam
538 1170 614 1229 tuus
632 1162 688 1227 ille
707 1162 788 1247 dies,
812 1185 909 1247 quam
926 1184 993 1229 non
1011 1162 1091 1228 mihi
1110 1160 1214 1249 gloria
1233 1159 1347 1225 maior!

422 1271 498 1337 talis
521 1269 711 1355 Olympiaca
734 1270 884 1335 iuuenem
907 1292 981 1337 cum
1004 1271 1131 1355 spectat
1152 1268 1272 1333 harena

424 1379 480 1464 qui
503 1378 631 1466 genuit,
653 1377 729 1463 plus
752 1376 823 1464 ipse
846 1377 935 1464 ferit,
958 1377 1034 1463 plus
1057 1376 1151 1443 corde
1175 1375 1237 1441 sub
1260 1373 1327 1439 alto

423 1486 579 1571 caeditur;
602 1484 776 1551 attendunt
798 1485 904 1573 cunei,
926 1489 1094 1572 spectatur
1116 1483 1254 1551 Achaeis

424 1593 479 1658 ille
502 1593 621 1681 magis,
642 1594 756 1659 crebro
780 1592 857 1658 dum
879 1593 1002 1658 lumina
1025 1592 1171 1678 pulueris
1193 1591 1312 1656 haustu

423 1700 534 1765 obruit
557 1704 590 1765 et
612 1722 731 1785 prensa
753 1705 852 1766 ucuet
875 1700 1024 1786 expirare
1047 1722 1173 1766 corona.

425 1807 454 1871 ei
473 1806 564 1894 mihi,
583 1807 670 1893 quod
687 1811 815 1873 tantum
834 1809 957 1894 patrias
977 1830 1038 1895 ego
1057 1807 1178 1873 uertice
1196 1804 1326 1871 frondes

425 1914 558 2000 solaque
583 1914 782 1981 Chalcidicae
806 1915 950 1981 Cerealia
972 1916 1056 1982 dona
1078 1936 1213 1982 coronae

425 2027 458 2087 te
481 2024 543 2088 sub
567 2027 651 2088 teste
674 2022 749 2088 tuli!
787 2024 914 2108 qualem
937 2028 971 2089 te
994 2022 1163 2089 Dardanus
1185 2019 1290 2087 Albae

426 2129 483 2195 uix
505 2130 645 2215 cepisset
668 2153 758 2217 ager,
781 2130 808 2196 ai
832 2153 892 2216 per
914 2154 966 2196 me
989 2135 1076 2196 serta
1098 2130 1228 2196 tulisses

427 2235 581 2302 Caesarea
604 2237 723 2304 donata
744 2240 855 2303 manu!
893 2238 980 2324 quod
1002 2238 1140 2304 subdere
1164 2237 1263 2302 robur

429 2343 487 2408 illa
508 2343 591 2431 dies,
613 2349 771 2429 quantum
793 2345 904 2430 potuit
926 2344 1104 2431 dempsisse
1127 2344 1286 2411 senectae!

427 2474 503 2515 nam
526 2451 612 2536 quod
635 2474 686 2517 me
708 2452 811 2519 mixta
834 2474 971 2537 quercus
992 2474 1058 2518 non
1081 2452 1201 2537 pressit
1222 2450 1310 2516 oliua

429 2562 462 2622 et
484 2558 571 2645 fugit
593 2564 743 2643 speratus
765 2560 881 2626 honos:
918 2582 1015 2646 quam
1038 2559 1129 2625 dulce
1152 2558 1299 2645 parentis

429 2665 540 2731 inuida
562 2665 680 2751 Tarpei
703 2669 846 2753 caperes!
869 2705 913 2716 —
935 2672 969 2733 te
992 2672 1104 2733 nostra
1127 2666 1283 2754 magistro

429 2772 571 2839 Thebais
593 2775 733 2861 urgebat
755 2774 935 2860 priscorum
958 2774 1090 2841 exordia
1111 2779 1236 2859 uatum3

431 2884 468 2945 tu
491 2885 605 2947 cantus
628 2880 794 2947 stimulare
817 2904 920 2968 meos,
942 2886 980 2948 tu
1003 2882 1143 2968 pandere
1167 2881 1251 2946 facta

430 2986 567 3053 heroum
590 2988 732 3074 bellique
755 2989 868 3055 modos
891 2988 1082 3075 positusque
1105 2989 1248 3055 locorum

429 3097 643 3162 monstrabas.
687 3096 779 3163 labat
801 3096 923 3163 incerto
948 3096 1028 3162 mihi
1051 3095 1154 3162 limita
1177 3118 1289 3161 cursus

432 3207 466 3267 te
489 3202 559 3269 sine
582 3210 616 3271 et
638 3204 771 3271 orbatae
793 3204 935 3292 caligant
958 3204 1031 3269 uela
1054 3204 1188 3270 carinae.
1207 3242 1246 3253 —-

434 3332 493 3376 nec
515 3310 621 3377 solum
643 3312 734 3401 larga
756 3317 876 3378 memet
898 3311 1021 3397 pietate
1045 3312 1188 3377 fouebas:

431 3418 507 3483 talis
529 3423 564 3483 et
585 3418 621 3484 in
642 3418 812 3485 thalamos.
858 3441 923 3485 una
945 3418 1008 3485 tibi
1032 3417 1163 3505 cognita
1185 3418 1278 3484 taeda

436 3526 589 3613 conubia,
612 3546 696 3591 unus
718 3548 816 3592 amor.
861 3531 948 3592 certe
971 3526 1138 3613 seiungere
1162 3530 1297 3591 matrem

435 3632 501 3698 iam
523 3632 640 3720 gelidis
662 3656 789 3719 nequeo
813 3634 932 3720 bustis3
956 3638 988 3699 te
1011 3633 1111 3700 sentit
1133 3633 1310 3717 habetque,

433 3745 467 3805 te
489 3740 580 3807 uidet
602 3745 636 3806 et
658 3741 801 3807 tumulos
823 3745 962 3827 ortuque
986 3741 1142 3827 obituque
1166 3741 1299 3827 salutat,

437 3852 474 3913 ut
497 3847 634 3914 Pharios
656 3848 738 3915 aliae
761 3851 836 3914 fieta
857 3848 981 3933 pietate
1004 3848 1131 3915 dolores

433 3954 693 4043 Mygdoniosque
716 3949 828 4022 colurit
850 3961 883 4021 et
904 3978 972 4023 non
994 3979 1052 4023 sua
1074 3956 1188 4022 funera
1210 3956 1348 4042 plorant.
1367 3993 1418 4047 -ι
1504 3974 1556 4023 aas

311 4146 365 4196 213
387 4144 469 4211 uota3
491 4147 594 4197 coras
614 4174 649 4182 —-
668 4148 720 4197 219
738 4159 825 4212 quam
843 4143 907 4196 uml
920 4145 961 4199 aie
977 4144 1034 4210 scre
1051 4148 1079 4196 1
1097 4150 1123 4199 et
1140 4142 1190 4211 ³⁸3
1213 4158 1298 4210 quam
1317 4144 1382 4197 tuus
1400 4142 1558 4199 Politianus

223 4232 354 4300 quamuis
368 4231 476 4301 purtim
492 4232 568 4287 codd.
588 4250 625 4285 aa
644 4262 678 4272 -
697 4238 750 4286 222
769 4234 913 4302 spectatur
931 4232 1060 4301 achatem
1078 4248 1146 4288 cerr.
1161 4232 1292 4300 Imbutae
1310 4262 1344 4272 —
1364 4237 1415 4285 223
1433 4231 1558 4301 pulueris

223 4319 332 4388 hausti3
355 4337 423 4376 corr.
439 4340 453 4374 ο
471 4354 507 4363 -
525 4326 577 4375 225
596 4320 773 4390 quodetiam
785 4321 823 4374 Δ*
841 4354 876 4363 -
894 4328 947 4376 232
966 4338 1024 4392 qua
1041 4321 1136 4389 dulce;
1154 4336 1222 4376 cerr.
1238 4319 1424 4377 Baehremiua
1441 4352 1476 4361 —
1494 4338 1557 4375 cum

224 4408 315 4464 lustra
327 4410 455 4480 parentis
468 4409 568 4466 inuida
580 4409 684 4481 Tarpei
698 4427 827 4466 canerem
842 4412 1031 4467 Marklaudus
1044 4442 1079 4451 -
1094 4415 1145 4465 237
1164 4410 1255 4465 hmite
1268 4414 1399 4465 uersusA
1414 4444 1447 4451 -
1463 4416 1512 4465 241
1534 4408 1559 4465 si

224 4498 341 4569 iungere
358 4498 513 4569 (adiungere
530 4500 592 4569 Α*);
611 4516 709 4555 curm
728 4532 762 4541 -
781 4506 834 4555 242
852 4499 944 4555 bustis
963 4501 993 4555 et
1010 4499 1117 4569 seutit3'
1128 4516 1196 4555 corr.
1217 4519 1231 4554 a
1250 4532 1284 4542 -

315 4675 368 4725 216
386 4670 472 4740 Verg.
490 4670 523 4725 A.
542 4669 633 4724 Χ443
662 4685 793 4740 euperem
816 4669 878 4740 ipae
900 4688 1003 4741 paraus
1027 4672 1170 4742 spectator
1192 4670 1306 4727 adesset
1332 4702 1366 4711 -
1395 4675 1446 4724 217
1469 4672 1504 4739 cf.
1523 4672 1561 4726 ad

226 4758 291 4815 V2.
303 4766 337 4814 10
355 4758 463 4830 gaudia
480 4760 548 4815 fletu
573 4790 607 4799 -
636 4766 689 4813 223
707 4758 901 4815 Thele‘l‘l
917 4760 1045 4831 pulueris
1063 4762 1182 4817 haustus
1210 4790 1244 4800 —-
1273 4766 1323 4814 227
1342 4761 1377 4828 cf.
1396 4760 1434 4815 ud
1451 4758 1515 4813 Π3.
1527 4766 1560 4814 73

226 4850 255 4904 ta
273 4848 327 4903 sub
346 4851 420 4907 teate
447 4880 482 4889 —
514 4848 583 4904 Silu.
602 4848 642 4903 III
657 4855 680 4903 1.
691 4853 724 4902 61
752 4848 941 4907 Dardaniae.
962 4893 968 4905 .
988 4892 995 4905 .
1015 4850 1104 4907 Albae
1132 4880 1166 4892 --
1192 4856 1244 4903 233
1266 4850 1301 4919 es.
1321 4851 1358 4906 cd
1376 4848 1499 4906 Ith
1527 4880 1561 4889 -

227 4943 280 4993 246
299 4937 367 4995 Silu.
383 4938 408 4992 V
422 4944 447 4993 3.
457 4943 492 4994 47
511 4938 560 5009 qui
579 4938 684 4994 damna
702 4938 782 4993 doles
800 4938 895 4995 aliena
915 4972 947 4981 —

1298 5028 1349 5083 13*
