3775 5567
768 443 954 502 SILVARVM
974 445 1034 499 11³

448 609 610 695 depromit
633 609 786 694 pharetra
807 608 909 675 telum
933 608 1041 691 breue,
1064 609 1152 695 quod
1173 631 1279 695 neque
1301 610 1394 676 flexis

450 718 603 784 cornibus
625 720 683 781 aut
706 716 802 782 solito
825 720 958 802 torquet
980 717 1126 802 stridore,
1149 717 1205 781 sed
1229 738 1292 782 una

447 824 556 891 emisit
579 828 731 890 contenta
755 846 851 890 manu
874 822 1065 909 laeuamque
1089 847 1225 908 soporae

446 931 570 999 Naidos
593 954 706 997 auersa
728 933 832 996 fertur
854 930 1000 1018 tetigisse
1024 931 1153 1018 sagitta.

447 1039 503 1104 illa
526 1037 611 1104 diem
634 1038 756 1123 pariter
779 1059 913 1124 surgens
935 1038 1129 1122 hostemque
1153 1043 1342 1124 proteruum

447 1145 530 1211 uidit
554 1150 587 1210 et
610 1145 643 1210 in
665 1145 798 1231 fontem,
820 1144 934 1211 niueos
957 1167 997 1210 ne
1021 1145 1177 1229 panderet
1199 1151 1298 1232 artus,

448 1253 493 1318 sic
517 1257 587 1318 tota
609 1275 683 1318 cum
706 1256 797 1319 ueste
820 1252 886 1318 ruit
908 1252 1097 1340 stagnisque
1120 1253 1181 1318 sub
1205 1254 1281 1320 altis

447 1361 536 1426 Pana
559 1360 650 1446 sequi
673 1360 805 1426 credens
829 1360 893 1425 ima
914 1359 1001 1426 latus
1023 1359 1169 1446 implicat
1192 1361 1273 1449 alga.

447 1467 525 1554 quid
547 1468 668 1533 faceret
690 1467 800 1533 subito
824 1468 978 1552 deceptus
1001 1468 1142 1553 praedo?
1174 1491 1233 1534 nec
1256 1469 1331 1535 altis

447 1576 574 1640 credere
598 1597 715 1659 corpus
732 1574 831 1666 aquis
854 1574 959 1640 hirtae
981 1575 1046 1641 sibi
1068 1575 1215 1641 conscius
1238 1577 1335 1642 audet

448 1670 543 1768 pellis
567 1686 600 1747 et
623 1705 642 1746 a
665 1687 776 1748 tenero
800 1681 898 1748 nandi
921 1682 1019 1748 rudis.
1066 1682 1174 1748 omnia
1197 1689 1340 1771 questus,

447 1789 604 1856 immitem
628 1789 803 1876 Bromium,
827 1794 942 1876 stagna
966 1779 1075 1856 inuida
1097 1795 1130 1855 et
1152 1790 1263 1856 inuida
1285 1791 1359 1876 tela,

446 1897 644 1983 primaeuam
667 1897 739 1963 uisu
763 1897 941 1984 platanum,
964 1897 1015 1962 cui
1039 1898 1138 1985 longa
1161 1919 1308 1985 propago

446 2005 697 2090 innumeraeque
721 2027 834 2070 manus
858 2010 891 2070 et
914 2005 1019 2070 iturus
1042 2005 1076 2070 in
1099 2005 1230 2071 aethera
1252 2011 1373 2092 uerter,

448 2111 598 2198 deposuit
621 2111 712 2178 iuxta
735 2112 907 2197 niuemque
930 2112 1073 2199 adgessit
1095 2113 1248 2178 harenam
1366 2143 1369 2149 ·

448 2219 634 2305 optatisque
657 2219 801 2306 aspergit
824 2219 916 2304 aquis
940 2223 973 2285 et
995 2219 1075 2284 talia
1096 2219 1241 2285 mandat:

445 2327 531 2393 ‘uiue
555 2327 610 2407 diu
632 2327 737 2393 nostri
760 2327 879 2414 pignus
902 2327 1112 2393 memorabile
1134 2327 1214 2413 uoti,

445 2435 551 2520 arbor,
575 2438 608 2499 et
631 2435 710 2500 haec
733 2435 831 2500 durae
853 2434 1018 2500 latebrosa
1040 2434 1159 2500 cubilia
1181 2436 1343 2520 nymphae

445 2548 480 2607 tu
504 2541 619 2607 saltem
642 2541 776 2607 declinis
799 2563 879 2626 ama,
904 2563 1014 2626 preme
1037 2541 1208 2607 frondibus
1231 2543 1357 2608 undam.

444 2650 500 2714 illa
523 2649 652 2734 quidem
674 2648 802 2734 meruit,
825 2648 882 2713 sed
903 2671 954 2736 ne,
978 2670 1100 2734 precor,
1123 2649 1198 2736 igne
1221 2671 1360 2734 superno

444 2760 568 2822 aestuet
591 2761 647 2822 aut
670 2756 751 2822 dura
772 2756 908 2821 feriatur
930 2755 1095 2842 grandine,
1118 2759 1246 2822 tantum

444 2886 596 2952 spargere
620 2868 656 2928 tu
679 2862 808 2928 laticem
832 2868 865 2928 et
887 2862 976 2928 foliis
998 2862 1130 2928 turbare
1153 2867 1323 2930 memento.

443 2976 521 3038 tunc
539 2993 600 3059 ego
620 2975 716 3055 teque
735 2971 790 3036 diu
808 2969 948 3036 recolam
967 2969 1194 3056 dominamque
1214 2970 1374 3062 benignae

443 3079 528 3146 sedis
552 3083 585 3145 et
607 3079 728 3144 inlaesa
750 3077 884 3144 tutabor
907 3081 1077 3164 utramque
1100 3083 1237 3164 senecta,

443 3193 480 3253 ut
502 3186 599 3272 louis,
623 3191 661 3251 ut
682 3185 808 3251 Phoebi
831 3185 971 3270 frondes,
993 3190 1030 3250 ut
1053 3184 1192 3251 discolor
1216 3186 1331 3252 umbra

443 3293 585 3379 populus
608 3298 641 3358 et
662 3297 792 3359 nostrae
815 3296 967 3376 stupeant
990 3296 1047 3357 tua
1069 3292 1215 3378 germina
1237 3293 1355 3378 pinus’

443 3402 488 3467 sic
512 3400 566 3466 ait.
612 3400 669 3466 ille
691 3400 741 3466 dei
766 3405 891 3466 ueteres
914 3399 1057 3466 animata
1079 3400 1201 3465 calores

445 3508 602 3574 uberibus
625 3507 749 3596 stagnis
773 3506 907 3592 obliquo
930 3505 1071 3592 pendula
1094 3512 1208 3572 trunco

442 3616 575 3682 incubat
598 3619 696 3700 etque
720 3613 844 3680 umbris
867 3618 1030 3679 scrutatur
1052 3613 1238 3680 amentibus
1261 3617 1370 3682 undas.
1474 3599 1478 3606 ¹

442 3728 551 3808 sperat
575 3728 608 3787 et
630 3722 808 3808 amplexus,
831 3722 886 3788 sed
909 3743 1065 3807 aquarum
1087 3721 1223 3806 spiritus
1245 3726 1332 3788 arcet

442 3853 500 3896 nec
524 3830 648 3930 patitur
671 3834 785 3894 tactus.
831 3828 960 3895 tandem
984 3827 1126 3894 eluctata
1148 3830 1209 3894 sub
1233 3851 1327 3895 auras

229 3962 290 3969 .—-
296 3959 440 3968 -Q—-a

318 4050 352 4099 39
384 4043 532 4112 lanamque
556 4041 637 4094 1¹⁰¹
672 4041 792 4111 leuaque
815 4041 936 4095 vm
976 4040 1126 4111 leuumque
1149 4046 1214 4094 flac
1251 4073 1283 4082 -
1320 4057 1461 4114 soporem
1492 4061 1561 4099 corr.

229 4137 373 4191 Krobniru
399 4163 432 4174 -
463 4139 494 4186 31
516 4131 598 4186 deam
616 4131 755 4203 pariterc
782 4163 817 4171 -
845 4135 880 4184 38
903 4131 1046 4185 Bromiam
1064 4132 1291 4187 Iacndstrocmius
1327 4131 1422 4186 Brimo
1441 4132 1563 4204 Scatr'pcr

229 4257 262 4266 -
294 4231 327 4278 39
352 4222 418 4277 nisu
444 4223 587 4278 Krolmius
620 4254 647 4260 -
682 4225 716 4273 46
743 4235 808 4274 ama
833 4221 862 4274 et
885 4235 981 4290 preme
1009 4221 1197 4276 Mortlcudur
1223 4251 1258 4259 —
1290 4225 1324 4274 47
1353 4220 1417 4275 dira
1443 4220 1562 4276 feristur

229 4315 364 4371 Schrader
389 4345 423 4354 —
450 4315 483 4364 53
509 4309 623 4365 imitata
648 4309 754 4364 calores
780 4309 968 4365 Martluuduc
992 4341 1026 4350 —
1053 4316 1086 4364 55
1112 4308 1220 4364 umbris
1238 4328 1255 4362 a
1283 4312 1314 4363 ia
1336 4328 1392 4380 quo
1414 4312 1561 4365 adesotauit

227 4422 387 4478 Pontianus
414 4423 445 4473 vl
463 4417 586 4474 humeris
604 4395 655 4488 vtll
669 4421 726 4472 ÷i
743 4413 778 4470 11⁰
792 4415 902 4488 poggii;
926 4417 1034 4470 umbris
1048 4419 1076 4468 Ι
1093 4418 1125 4472 iu
1138 4419 1260 4488 marytre
1274 4421 1286 4470 t
1301 4417 1405 4472 umeris
1415 4435 1487 4472 uma.
1498 4423 1514 4472 1
1527 4449 1558 4457 -

227 4553 332 4560 -φο
360 4551 439 4558 ,-

316 4641 350 4690 34
370 4633 421 4690 Ou.
437 4633 504 4690 hlet.
519 4633 544 4688 V
558 4639 608 4688 601
637 4633 710 4688 sicut
737 4649 813 4687 eram
839 4630 918 4702 fugio
946 4630 1007 4686 sine
1034 4630 1162 4686 uestibus
1191 4663 1223 4672 -
1250 4636 1283 4685 37
1304 4631 1407 4686 Aaron.
1422 4629 1491 4685 Mos.
1508 4637 1560 4686 183

226 4723 399 4794 rudibusque
422 4723 541 4779 natandi
564 4724 673 4796 Satyris
700 4754 731 4762 -
761 4727 795 4776 43
814 4721 865 4776 On.
880 4721 944 4776 Her.
960 4720 985 4775 V
1000 4727 1033 4774 25
1056 4720 1172 4791 popule,
1196 4720 1262 4776 uiue
1279 4737 1377 4791 precor
1397 4752 1430 4761 -
1453 4720 1556 4776 Lucan.

226 4815 265 4870 IX
279 4819 331 4868 934
349 4812 452 4884 pignus
471 4811 653 4867 memorabile
670 4844 703 4852 —
723 4817 754 4865 bl
776 4809 858 4882 Verg.
874 4811 906 4865 A.
921 4809 986 4864 VIII
1001 4814 1053 4864 276
1071 4809 1211 4864 Herculea
1230 4808 1337 4865 bicolor
1355 4825 1419 4864 cum
1436 4809 1557 4880 populus

225 4904 326 4960 umbra
343 4935 376 4945 -
