3775 5567
817 411 846 468 P.
866 411 1003 467 PAPINII
1021 412 1140 468 S'I'A'III

524 598 608 642 nunc
630 575 772 661 primum
795 575 988 661 dominaque
1011 576 1101 642 dedit
1123 598 1316 663 consurgere
1339 570 1462 661 mensa,

524 705 587 768 qua
609 683 769 750 celebrem
792 706 863 749 mea
886 688 964 749 uota
985 686 1068 770 lyra,
1093 706 1156 769 qua
1178 683 1303 750 soluere
1326 688 1435 770 grates

524 790 703 857 sufficiam?
739 813 817 876 non,
841 791 869 857 si
892 791 1016 877 pariter
1038 791 1119 857 mihi
1141 791 1263 857 uertice
1284 791 1371 856 laeto

522 902 632 964 nectet
654 899 804 964 odoratas
828 903 861 963 et
883 897 1021 983 Smyrna
1044 903 1077 964 et
1098 898 1234 964 Mantua
1255 899 1377 983 lauros,

523 1006 621 1094 digua
642 1006 765 1091 loquar.
786 1044 827 1052 —
847 1005 963 1071 mediis
985 1005 1098 1072 uideor
1120 1005 1321 1071 discumbere
1343 1005 1378 1070 in
1401 1004 1498 1070 astris
1610 1021 1643 1071 10

522 1135 595 1179 cum
616 1113 693 1179 Ioue
717 1119 751 1178 et
772 1112 870 1179 Iliaca
893 1117 1078 1199 porrectum
1101 1135 1227 1179 sumere
1250 1112 1364 1178 dextra

410 1215 416 1226 “
522 1219 703 1286 immortale
725 1222 864 1286 merum!
901 1220 1029 1286 steriles
1051 1219 1289 1286 transmisimus
1311 1242 1425 1286 annos:

522 1327 600 1393 haec
623 1327 695 1393 aeui
717 1327 798 1393 mihi
822 1327 928 1413 prima
951 1327 1033 1407 dies,
1055 1327 1109 1392 hic
1130 1327 1244 1392 limina
1267 1327 1363 1394 uitae.

521 1439 595 1501 tene
619 1457 696 1522 ego,
719 1439 872 1523 regnator
894 1438 1054 1500 terrarum
1077 1434 1230 1519 orbisque
1252 1434 1379 1500 subacti

520 1565 636 1630 magne
655 1563 786 1628 parens,
804 1547 851 1629 te,
869 1564 944 1628 spes
962 1542 1144 1628 hominum,
1162 1546 1208 1626 te,
1227 1563 1303 1606 cura
1321 1541 1469 1627 deorum,
1609 1559 1641 1607 16

521 1673 617 1716 cerno
640 1649 770 1715 iacens?
807 1649 902 1715 datur
923 1649 1004 1715 haec
1027 1649 1135 1735 iuxta,
1157 1648 1252 1714 datur
1274 1671 1331 1714 ora
1352 1649 1437 1714 tueri

522 1758 598 1823 uina
620 1757 707 1822 inter
728 1779 919 1842 mensasque
943 1761 976 1822 et
998 1779 1064 1822 non
1087 1756 1260 1843 adsurgcre
1283 1756 1332 1821 fas
1355 1756 1428 1821 est?

609 1868 733 1930 tectum
747 1869 931 1952 augustum,
945 1865 1068 1952 ingens,
1082 1886 1148 1928 non
1162 1868 1292 1929 centum
1305 1862 1433 1950 insigne
1447 1861 1614 1950 columnis,

520 1971 575 2038 sed
599 1975 738 2056 quantae
762 1993 897 2057 superos
920 1971 1108 2055 caelumque
1131 1969 1265 2035 Atlante
1287 1970 1421 2036 remisso

520 2083 701 2145 sustentare
726 2082 853 2163 queant.
899 2081 1011 2163 stupet
1033 2077 1095 2143 hoc
1118 2076 1224 2143 uicina
1246 2077 1403 2143 Tonantis
1607 2095 1641 2144 80

519 2186 609 2273 regia
631 2190 728 2270 teque
752 2185 823 2269 pari
846 2183 1011 2250 laetantur
1032 2183 1107 2249 sede
1129 2185 1272 2250 locatum

519 2293 659 2359 numina.
700 2314 760 2358 nec
778 2315 933 2379 magnum
958 2313 1114 2378 properes
1133 2291 1302 2357 escendere
1324 2293 1460 2359 caelum:

519 2404 611 2466 tanta
634 2403 725 2485 patet
747 2399 850 2472 moles
873 2400 1056 2484 effusaeque
1078 2399 1221 2485 impetus
1244 2400 1335 2466 aulae

518 2507 665 2593 liberior,
688 2507 795 2592 campi
814 2507 1017 2592 multumque
1040 2505 1209 2591 amplexus
1232 2507 1339 2593 operti

518 2615 666 2680 aetheros
690 2618 723 2680 et
746 2618 873 2680 tantum
896 2614 1027 2680 domino
1049 2613 1170 2700 minor;
1192 2614 1248 2679 ille
1271 2619 1405 2700 penates
1603 2633 1638 2682 06

451 2743 453 2750 ⁴
518 2722 636 2807 implet
658 2726 691 2787 et
714 2722 839 2809 ingenti
862 2722 959 2810 genio
983 2721 1083 2786 iuuat.
1128 2721 1273 2787 aemulus
1296 2722 1363 2788 illic

518 2852 611 2894 mons
633 2828 735 2915 Libys
758 2828 939 2914 Iliacusque
962 2828 1012 2893 nit
1032 2833 1046 2893 t
1066 2829 1262 2894 ...multa
1284 2827 1389 2915 Syene

520 2941 553 3001 et
577 2935 674 3002 Chios
697 2940 731 3002 et
753 2937 886 3023 glaucae
910 2934 1068 3000 certantia
1089 2934 1204 3001 Doridi
1226 2958 1305 3002 saxa

520 3044 676 3134 Lunaque
698 3042 867 3128 portandis
890 3046 1019 3108 tantum
1042 3043 1176 3107 suffecta
1199 3041 1364 3108 columnis.

516 3149 615 3237 longa
637 3173 734 3236 supra
756 3149 890 3235 species:
927 3148 1023 3215 fessis
1046 3149 1102 3214 uix
1125 3148 1266 3215 culmina
1287 3150 1427 3234 prendas
1603 3170 1638 3218 eo

518 3257 644 3322 uicibus
667 3257 834 3342 auratique
858 3261 955 3342 putes
978 3255 1142 3341 laquearia
1164 3255 1253 3320 caeli.

606 3363 660 3430 hic
677 3387 750 3430 cum
769 3363 944 3429 Romuleos
963 3385 1113 3448 proceres
1131 3362 1343 3448 trabeataque
1362 3361 1479 3431 Caesar

519 3472 650 3560 agmina
672 3471 760 3537 mille
784 3471 881 3536 simul
903 3471 998 3536 iussit
1021 3468 1221 3536 discumbere
1244 3470 1377 3556 mensis,

517 3579 591 3665 ipsa
613 3579 702 3645 sinus
725 3578 868 3646 accincta
891 3577 988 3644 Ceres
1010 3577 1221 3662 Bacchusque
1243 3577 1372 3643 laborat

395 3743 409 3792 7
429 3755 500 3808 quas
520 3737 642 3805 soluere;
660 3755 729 3794 corr.
750 3737 866 3794 Vollmer
889 3769 923 3778 -
949 3743 965 3791 8
985 3737 1082 3793 nectat
1099 3736 1233 3791 adoratae
1251 3741 1275 3788 11
1297 3768 1331 3777 -
1361 3742 1394 3792 18
1414 3739 1484 3794 haec
1501 3737 1639 3796 limma&

305 3857 338 3867 -
360 3831 392 3880 16
410 3833 496 3883 totam
509 3845 619 3883 aeream
631 3829 671 3883 sic
684 3827 799 3895 fortusse
813 3833 929 3883 tormer
941 3826 979 3880 Δ*
997 3827 1032 3895 cs.
1046 3825 1085 3880 IV
1100 3831 1124 3882 8.
1137 3831 1187 3880 106
1202 3856 1236 3867 -
1256 3831 1290 3879 88
1308 3843 1344 3882 ne
1358 3828 1438 3900 aolpo
1452 3861 1487 3869 —
1506 3830 1640 3885 exwdere

305 3915 427 3984 caelum
446 3934 514 3973 corr.
531 3917 692 3972 Gronoaa'ar
705 3947 740 3957 -—
763 3921 796 3970 86
815 3915 970 3971 Aethereos
989 3917 1019 3970 et
1036 3921 1076 3969 rc
1094 3914 1215 3990 Ipthereo
1234 3917 1265 3970 et
1281 3921 1305 3968 11
1323 3947 1358 3957 -
1381 3921 1415 3971 87
1434 3919 1563 3974 haeum
1576 3926 1641 3989 post

303 4003 377 4059 nitet
390 4011 525 4061 1001000100
538 4005 576 4058 Δ*
590 4007 666 4062 codd.
672 4029 683 4076 ;
700 4007 875 4062 tremerent
888 4008 918 4060 et
931 4024 945 4058 o
960 4005 1018 4059 iam
1032 4012 1050 4060 ς
1064 4004 1112 4060 hic
1125 4005 1311 4061 Beroeaeus
1324 4022 1376 4061 nec
1385 4006 1567 4063 &tamisiae
1579 4011 1639 4063 tum

304 4095 385 4150 Eltrr
401 4125 437 4134 —
455 4100 489 4148 88
509 4097 538 4149 01
557 4095 626 4150 duos
645 4097 687 4165 et;
713 4111 814 4152 corna
837 4125 869 4136 -
890 4095 1000 4163 doride;
1028 4111 1097 4152 corr.
1116 4096 1277 4150 Politionas
1294 4127 1329 4135 —
1348 4101 1382 4149 34
1400 4095 1587 4152 laborantes
1605 4129 1640 4138 -

392 4257 419 4307 8.
435 4259 450 4308 7
469 4257 504 4324 cs.
524 4256 561 4310 od
578 4255 655 4310 1111.
672 4262 720 4310 171
751 4255 844 4310 Sidon.
860 4255 889 4310 O.
905 4255 969 4309 XVI
983 4259 1018 4309 68
1035 4255 1074 4310 da
1092 4255 1201 4311 soluere
1218 4258 1314 4328 pates
1331 4256 1394 4312 Vel
1409 4255 1450 4311 Vl.
1465 4257 1504 4312 IV
1517 4263 1637 4328 629sqq.

304 4341 401 4398 Claud.
421 4342 503 4399 Prob.
523 4343 559 4398 ol.
579 4349 613 4398 76
631 4375 667 4384 -
684 4351 717 4400 10
731 4345 814 4417 Verg.
829 4345 862 4401 A.
876 4345 889 4398 I
903 4351 956 4400 700
975 4344 1162 4400 discumbitur
1178 4347 1255 4400 ostro
1273 4346 1378 4402 Auson.
1395 4345 1511 4417 Ephem.
1526 4347 1591 4402 VIII
1605 4354 1639 4402 80

303 4437 341 4502 (p.
363 4432 433 4502 14Ρ)
459 4433 579 4489 Sarrano
603 4432 701 4488 uideor
722 4433 898 4490 discumbere
920 4433 1049 4490 inostro
1072 4467 1108 4476 —
1132 4441 1165 4488 18
1189 4434 1257 4490 Silu.
1277 4435 1329 4490 14.
1345 4441 1396 4489 184
1419 4453 1501 4491 nemo
1524 4438 1639 4493 modum

302 4519 462 4574 transmimi
485 4523 629 4591 computet
651 4522 728 4578 aeui:
755 4521 803 4578 hic
822 4523 900 4578 uitae
918 4522 1023 4578 natalis
1042 4523 1149 4578 erit-
1169 4529 1201 4577 16
1220 4523 1303 4578 Mart.
1318 4525 1387 4579 rea.
1404 4530 1438 4579 10
1461 4525 1525 4594 quis
1544 4543 1640 4581 curam

302 4611 388 4680 neget
405 4625 467 4664 csse
485 4613 514 4664 te
532 4609 649 4665 deorum
662 4643 697 4652 -
713 4618 746 4666 16
760 4611 843 4684 Verg.
858 4613 891 4668 Α.
901 4611 939 4666 VI
955 4617 1006 4666 688
1025 4611 1110 4666 datur
1127 4629 1177 4668 ora
1194 4612 1269 4667 tueri
1282 4644 1316 4653 —
1332 4619 1365 4668 18
1380 4613 1463 4684 Verg.
1478 4613 1574 4670 1711
1588 4621 1639 4671 170

303 4699 410 4754 tectum
429 4699 581 4769 augustum
599 4697 698 4772 ingens
716 4703 829 4755 centum
847 4700 968 4756 sublime
987 4699 1123 4755 columnis
1137 4731 1172 4741 -
1187 4705 1221 4754 88
1237 4703 1272 4771 cs.
1287 4703 1352 4758 adl
1367 4709 1390 4758 1.
1407 4709 1458 4758 106
1473 4735 1505 4745 -
1521 4710 1556 4760 86
1570 4704 1639 4760 Sila.

302 4785 417 4841 11010
435 4789 547 4842 tantum
565 4787 678 4844 domino
697 4790 788 4845 minor
801 4791 883 4848 Mart.
894 4789 959 4846 VIII
973 4795 1015 4846 86.
1032 4795 1065 4845 18
1083 4791 1117 4846 de
1132 4791 1224 4846 eodem
1237 4793 1303 4848 aede
1316 4809 1368 4862 par
1381 4793 1481 4848 domus
1494 4796 1539 4849 est
1552 4794 1639 4865 caelo,

302 4875 352 4930 sed
371 4875 462 4932 minor
480 4881 524 4932 est
543 4877 655 4934 domino
674 4911 708 4920 -
728 4886 762 4934 80
780 4882 815 4950 cf.
835 4883 873 4937 ad
891 4881 904 4934 I
919 4886 942 4933 1.
957 4883 992 4933 87
1012 4910 1045 4920 -
