3775 5567
695 442 882 499 smvssvu
899 442 952 499 VB
970 443 1022 498 Vl

402 608 452 675 fas
474 606 618 675 iunxisse
636 628 751 675 manus
774 611 808 674 et
824 606 878 675 lex
901 628 1122 694 quaecumque
1144 612 1307 693 sequatur.

492 720 527 781 at
549 737 622 803 uos,
644 715 833 783 umbrarum
855 737 951 803 reges
972 714 1161 801 Actaeaque
1183 713 1281 801 Iuno,

402 824 430 889 si
452 822 613 889 laudanda
634 844 764 910 precor,
786 822 897 889 taedas
919 823 1044 891 auferte
1068 843 1238 907 comasque

401 930 632 1016 Eumenidum,
654 930 744 997 nullo
767 934 863 997 sonet
884 952 981 1016 asper
1003 929 1123 996 ianitor
1145 950 1214 1015 ore,

403 1036 580 1105 Centauros
598 1035 793 1123 Hydraeque
811 1058 928 1125 greges
945 1036 1156 1123 Scyllaeaque
1174 1040 1319 1103 monstra
1471 1055 1523 1105 288

402 1166 535 1211 auersae
558 1145 664 1211 celent
686 1144 789 1210 ualles
811 1145 1025 1231 umbramque
1048 1144 1182 1211 senilem

401 1252 521 1319 inuitet
542 1250 624 1337 ripis
647 1251 790 1317 discussa
812 1251 910 1337 plebe
935 1274 1106 1338 supremus

402 1365 514 1427 nector
536 1365 570 1426 et
591 1358 627 1425 in
649 1358 754 1425 media
777 1363 952 1444 componat
974 1358 1116 1426 molliter
1139 1360 1220 1448 alga.

400 1468 459 1555 lte,
482 1467 530 1553 pii
552 1489 663 1532 manes
686 1464 883 1552 Graiumque
906 1467 1055 1533 examina
1078 1470 1203 1553 uatum,

400 1574 625 1660 illustremque
647 1574 786 1641 enimam
810 1573 964 1640 Lethaeis
985 1574 1131 1661 spargite
1154 1574 1250 1640 sertis

402 1685 436 1749 ct
457 1684 636 1748 monstrate
659 1703 787 1767 nemus,
810 1703 874 1769 quo
896 1681 988 1749 nulla
1010 1680 1136 1767 inrupit
1158 1680 1291 1768 Erinys,

400 1790 435 1854 in
458 1812 522 1875 quo
545 1788 627 1855 falsa
649 1788 718 1855 dies
741 1788 894 1875 caeloque
916 1788 1102 1855 simillimus
1124 1811 1187 1854 aer.

400 1896 474 1962 inde
497 1900 605 1963 tamen
629 1897 755 1983 uenias,
775 1895 891 1963 melior
913 1918 977 1983 qua
1000 1900 1096 1982 porta
1118 1896 1297 1983 malignum

399 2026 516 2070 cornea
533 2004 637 2071 uincit
655 2005 750 2090 ebur,
770 2004 940 2090 somnique
958 2004 992 2069 in
1011 2002 1153 2091 imagine
1172 2008 1317 2069 monstra

399 2134 481 2197 quae
499 2112 624 2178 solitus.
660 2113 707 2177 sic
725 2134 815 2178 sacra
832 2111 960 2179 Numae
979 2110 1125 2198 ritusque
1144 2110 1294 2177 colendos

399 2219 489 2285 mitis
511 2218 644 2285 Aricino
668 2219 813 2285 dictabat
835 2220 981 2305 nympha
1003 2219 1065 2286 sub
1088 2223 1196 2303 antro,

398 2326 507 2412 Scipio
531 2326 577 2392 sic
599 2327 714 2413 plenos
735 2326 830 2393 Latio
853 2325 930 2394 Ioue
954 2326 1069 2392 ducere
1092 2348 1222 2393 somnos

399 2434 540 2501 creditur
562 2432 728 2521 Ausoniis,
751 2434 798 2500 sic
819 2456 886 2501 non
909 2434 978 2499 sine
1001 2432 1155 2519 Apolline
1178 2432 1275 2519 Sylla.

841 2686 863 2750 4

460 2800 607 2898 Crimine
627 2850 690 2913 quo
709 2826 825 2913 merul,
844 2826 971 2892 iuuenis
989 2826 1204 2912 placidissime
1223 2825 1344 2912 diuum,

397 2957 503 3031 quoue
526 2958 632 3001 errore
655 2934 766 3019 miser,
788 2933 882 3000 donis
904 2938 941 2999 88
964 2934 1052 3000 88188
1074 2956 1217 3021 egerem,

397 3042 524 3129 Somne,
542 3042 630 3108 tuis?
666 3046 751 3108 tacet
771 3064 864 3108 omne
883 3064 982 3126 pecus
1001 3040 1212 3125 uolucresque
1230 3042 1379 3127 feraeque

273 3218 590 3288 2771888888881888
615 3218 774 3276 8188888188
806 3216 970 3288 Lethesque
993 3218 1098 3275 Walter
1125 3248 1159 3259 -
1188 3222 1240 3273 280
1258 3219 1420 3287 8811888888
1453 3235 1515 3273 een·

184 3312 337 3378 taurusque
360 3327 378 3361 s
403 3323 473 3365 corr.
495 3307 528 3361 iu
550 3309 699 3362 centauros
721 3311 745 3359 Α
766 3338 802 3347 -
825 3304 992 3375 scillaeque;
1019 3322 1087 3363 corr.
1106 3326 1124 3361 s
1146 3338 1181 3347 -
1204 3310 1257 3361 286
1278 3305 1415 3377 inrumpit
1438 3312 1456 3363 ς
1482 3340 1516 3349 -

184 3403 237 3452 288
264 3414 322 3467 qua
343 3398 424 3467 parte
452 3397 546 3467 (elium
558 3396 620 3467 A‘);
643 3412 747 3453 corne
773 3428 808 3437 -
836 3399 888 3450 288
911 3394 942 3450 iu
960 3394 1240 3466 ememusque,
1262 3396 1368 3453 subdet
1385 3402 1454 3451 IIse
1482 3430 1515 3438 -

185 3489 335 3564 monstrat3
354 3504 421 3543 corr.
437 3503 452 3539 8
466 3517 500 3527 -
514 3491 567 3539 208
585 3484 708 3541 creditus
722 3485 858 3542 Heinsius
871 3516 906 3527 -
919 3502 972 3541 nec
990 3502 1058 3557 non;
1077 3502 1144 3543 cerr.
1160 3486 1335 3543 8881888888
1348 3488 1379 3543 88
1390 3502 1448 3542 888
1457 3505 1472 3541 8
1482 3518 1516 3527 -

271 3591 289 3640 4
312 3585 454 3640 Somnus
472 3585 523 3655 (sic
540 3584 624 3641 etiam
641 3584 707 3655 817)
726 3616 760 3625 -

160 3792 167 3803 .
272 3752 325 3801 278
344 3746 427 3815 Verg.
437 3744 517 3799 A.VI
526 3750 577 3799 897
592 3743 759 3815 deiungere
774 3744 901 3800 dextram
915 3775 951 3787 —
965 3750 1017 3799 278
1031 3744 1262 3815 8[.Π1.184888.
1274 3778 1308 3787 -
1323 3752 1375 3801 280
1388 3745 1472 3819 Verg.
1483 3748 1515 3804 A.

184 3834 287 3890 v1sse
310 3834 443 3891 Centauri
460 3832 491 3888 in
508 3833 616 3890 foribus
635 3832 783 3889 stabulant
800 3833 967 3905 Scyllaeque
985 3832 1118 3889 biformes
1137 3834 1224 3891 Theb.
1239 3835 1276 3889 IV
1291 3835 1369 3891 8881.
1390 3868 1424 3878 -

272 3940 297 3989 4.
318 3939 398 4003 lsqq.
422 3932 506 4004 Verg.
526 3933 594 3988 Aen.
613 3930 652 3987 1v
666 3938 718 3986 822
727 3950 787 4001 sqq.
811 3948 867 3987 nor
885 3934 948 3987 erat
971 3972 1031 3989 ...
1055 3930 1200 4002 siluaeque
1223 3936 1253 3989 et
1276 3950 1362 3989 saeua
1385 3934 1516 4004 quierant

185 4040 320 4095 aequora,
339 4040 403 4077 cum
416 4019 511 4077 medio
525 4021 679 4078 uoluuntur
692 4020 787 4076 sidera
801 4021 894 4092 lapsu,
914 4038 977 4076 cnm
991 4023 1070 4077 tacet
1083 4022 1174 4078 omnis
1191 4038 1259 4093 ager
1271 4023 1393 4093 pecudes
1408 4023 1514 4095 pictae·

184 4128 238 4183 que
257 4111 385 4167 uolucres
405 4154 433 4168 ..
450 4155 456 4168 .
478 4112 511 4165 88
527 4128 585 4166 non
602 4109 702 4166 infelix
720 4110 810 4165 animi
826 4110 984 4166 Phoenissa
1001 4128 1053 4167 nec
1076 4128 1199 4181 unquam
1218 4111 1339 4167 eoluilur
1356 4113 1386 4168 in
1404 4132 1517 4170 somnos

185 4201 309 4256 oculisne
337 4203 389 4256 888
413 4204 528 4272 pectore
555 4202 666 4256 noctem
694 4198 801 4271 accipit
825 4202 861 4271 es.
884 4200 950 4255 VIII
969 4207 1003 4256 28
1012 4218 1053 4271 sq.
1087 4200 1137 4256 08.
1157 4200 1223 4256 Met.
1238 4200 1291 4257 VH
1305 4207 1357 4257 188
1389 4202 1515 4259 homines

185 4291 368 4361 uolucresque
386 4291 517 4360 ferasque
535 4288 663 4347 soluerat
680 4290 741 4345 alta
758 4291 851 4361 quies:
879 4290 958 4347 nullo
973 4308 1035 4347 cum
1049 4307 1190 4346 murmure
1209 4307 1309 4363 saepes
1327 4291 1515 4363 immotaeque

184 4378 270 4435 silent
286 4380 412 4450 frondes,
430 4379 498 4435 silet
515 4378 628 4435 umidus
646 4396 695 4435 ser
716 4382 839 4452 (8888888
856 4382 895 4437 ad
911 4382 1035 4451 sumpla
1055 4380 1162 4437 Graeca
1185 4379 1303 4437 Alcman
1321 4388 1356 4437 80
1384 4380 1515 4438 ebducere

183 4467 308 4539 d’dqtas
326 4467 449 4540 κορυφαί
466 4488 496 4525 τε
516 4469 565 4525 sul
582 4467 727 4541 φάραγγες
745 4486 803 4539 cqs,
835 4468 952 4526 Tbeucr.
967 4470 1036 4525 Hes
1055 4468 1169 4540 limnas)
1193 4468 1279 4526 Theb.
1295 4470 1369 4525 X84
1377 4488 1436 4541 sqq.
1464 4472 1513 4527 im·

182 4560 280 4628 pansis
299 4564 350 4613 128
382 4557 532 4615 mitissime
555 4558 665 4629 diuum,
694 4559 796 4615 Somne
818 4562 863 4631 (ea
881 4558 932 4615 08.
952 4559 1018 4617 Met
1037 4558 1075 4615 XI
1090 4564 1142 4613 828
1170 4558 1284 4629 Somne,
1311 4558 1391 4628 quies
1413 4576 1513 4631 rerum,

183 4646 387 4719 placidissime,
414 4648 530 4718 Somne,
549 4648 664 4703 deorum
690 4650 726 4716 cf.
753 4648 785 4705 ΙΙ.
804 4647 855 4705 188.
875 4655 927 4705 114
954 4648 1104 4704 mitissime
1122 4646 1230 4719 diuum)
1257 4656 1282 4705 et
1309 4654 1357 4703 141
1387 4648 1514 4705 uolucres

184 4737 360 4807 pecudesque
378 4738 507 4807 suesque
522 4737 636 4809 (Lucan.
650 4737 676 4791 X
687 4740 749 4809 188)
762 4740 797 4806 cf.
812 4738 895 4793 881888
907 4737 997 4792 Varro
1010 4736 1091 4795 Ater.
1106 4737 1166 4793 187
1185 4737 1295 4794 Petron.
1311 4738 1343 4793 fr.
1358 4742 1401 4793 88.
1413 4742 1512 4809 llsqq.

184 4856 216 4869 -
227 4833 242 4881 1
255 4826 359 4881 Lucan.
369 4824 395 4880 II
405 4832 456 4881 108
470 4826 587 4883 crimine
600 4844 656 4896 quo
670 4826 752 4897 perui
765 4827 879 4885 caedem
889 4829 1008 4900 potuere
1018 4826 1118 4883 mereri
1128 4860 1162 4870 -
1173 4826 1273 4885 Siluv
1281 4832 1328 4885 87
1339 4842 1411 4899 qaae
1420 4827 1513 4899 culpa,

182 4931 244 4985 qms
261 4932 337 4972 error
354 4946 389 4957 -
