3775 5567
574 480 604 537 P.
624 480 761 538 PAPINII
779 481 898 540 STATII
917 480 1106 539 sluvnuvu
1125 481 1138 535 l
1155 482 1243 555 praef.

799 1524 961 1598 LIBER
987 1525 1006 1598 Ι

602 1698 746 1747 semus
766 1698 924 1747 suuntur:
949 1698 1014 1749 SVO
1038 1699 1201 1749 saturum

321 1814 608 1927 Danaumque
623 1842 781 1927 rubiani,
799 1841 908 1926 seua„
927 1842 1054 1909 iuuenis
1071 1844 1195 1929 optime
1213 1848 1247 1909 ee
1265 1844 1299 1911 in
1317 1846 1434 1911 sennis
1447 1846 1568 1913 nostes

233 1950 498 2033 eminentissime,
522 1971 586 2035 qua
608 1954 701 2035 parte
725 1950 871 2035 uoluisti,
894 1972 935 2015 an
953 1951 1014 2017 bos
1036 1950 1180 2037 libellos,
1203 1951 1258 2037 qui
1281 1952 1363 2017 mihi
1385 1954 1496 2019 subito
1518 1976 1567 2019 ea·

231 2058 300 2124 lore
328 2062 361 2123 et
393 2058 530 2144 quadam
560 2056 734 2123 festinandi
762 2058 932 2143 uoluptate
959 2059 1137 2143 fluxerimt,
1168 2081 1242 2125 oum
1274 2059 1394 2147 singuli
1427 2060 1466 2126 de
1493 2061 1565 2126 sinu

233 2188 303 2231 meo
327 2188 387 2251 pro
402 2218 542 2232 .......
552 2219 561 2253 ,
583 2170 797 2253 oongregatos
820 2165 890 2251 ipse
914 2166 1120 2233 dimitterem.
1162 2166 1240 2252 quid
1263 2167 1348 2232 enim
1364 2217 1566 2234 ............

232 2295 361 2359 quoque
393 2273 585 2339 auotoritate
616 2271 767 2339 editionis
799 2273 938 2359 onerari,
968 2295 1032 2359 quo
1064 2274 1168 2339 adhue
1200 2296 1260 2359 pro
1290 2273 1455 2340 Thebaide
1486 2298 1566 2362 mea,
1603 2292 1619 2340 5

233 2380 381 2465 quamuis
409 2403 459 2447 me
488 2380 668 2466 reliquerit,
696 2380 817 2445 timeo?
863 2380 919 2445 sed
948 2385 981 2446 et
1004 2380 1148 2448 Culicem
1176 2380 1315 2468 legimus
1338 2386 1372 2447 et
1393 2382 1566 2449 Batraoho·

231 2488 390 2553 maebiam
413 2487 511 2554 etiam
534 2487 738 2575 agnoscimus
765 2510 823 2553 neo
851 2487 1021 2572 quisquam
1046 2492 1096 2553 est
1118 2487 1293 2554 illustrium
1316 2494 1487 2574 poetarum
1510 2491 1565 2576 qui

231 2617 296 2660 non
319 2595 442 2680 aliquid
465 2595 620 2680 operibus
643 2594 710 2661 suis
734 2594 809 2660 stilo
833 2594 1016 2661 remissiore
1040 2594 1240 2681 praeluserit.
1277 2596 1354 2681 quid
1378 2597 1465 2683 quod
1487 2598 1566 2663 haee

231 2725 338 2768 serum
365 2706 435 2768 erat
462 2702 640 2789 continere,
670 2725 743 2768 oum
771 2702 827 2767 illa
856 2724 915 2768 uos
943 2706 1044 2787 certe,
1072 2725 1209 2789 quorum
1236 2704 1351 2770 honori
1380 2704 1454 2770 data
1481 2710 1566 2793 sunt,

230 2809 419 2875 haberetis?
456 2809 512 2875 sed
535 2809 621 2895 apud
645 2812 768 2875 eeteros
791 2831 920 2875 neeesse
943 2814 994 2875 est
1017 2810 1155 2876 multum
1179 2810 1244 2877 illis
1267 2814 1379 2897 pereat
1402 2834 1442 2877 ex
1462 2813 1565 2899 uenia,
1585 2830 1619 2878 10

231 2938 303 2981 oum
327 2916 494 2982 amiserint
517 2938 613 3002 quam
636 2917 738 2982 solam
756 2916 941 2983 habuerunt
960 2918 1098 3005 gratiam
1117 2918 1300 2984 celeritatis.
1335 2918 1461 2984 nullum
1479 2920 1566 2985 enim

231 3046 271 3089 ex
300 3024 366 3089 illis
394 3024 493 3089 biduo
521 3023 652 3112 longius
675 3027 827 3110 tractum,
858 3025 1014 3111 quaedam
1037 3029 1070 3089 et
1097 3025 1131 3090 in
1155 3025 1292 3113 singulis
1315 3025 1430 3092 diebus
1452 3027 1566 3111 effusa3

231 3130 380 3217 quamuis
411 3132 510 3198 timeo
542 3154 583 3198 ne
615 3154 728 3197 uerum
761 3131 844 3198 istuc
876 3155 989 3197 uersus
1022 3154 1150 3218 quoque
1182 3133 1246 3218 ipsi
1278 3133 1317 3197 de
1349 3156 1384 3199 se
1416 3133 1565 3218 probent.

232 3238 356 3324 primus
382 3239 513 3305 libellus
539 3240 587 3325 [1]
611 3244 848 3305 sacrosanctum
871 3240 972 3305 habet
999 3244 1129 3323 testem,
1159 3240 1348 3305 sumendum
1380 3241 1467 3306 enim
1496 3246 1566 3307 erat

231 3346 261 3410 ‘a
280 3344 356 3411 Ioue
375 3346 592 3432 principium'.
629 3350 759 3412 centum
777 3347 837 3412 hos
857 3370 978 3434 uersus,
1001 3370 1082 3433 quos
1101 3348 1134 3412 in
1153 3369 1272 3432 equum
1295 3348 1472 3413 maximum
1495 3348 1566 3435 feei,
1586 3366 1619 3415 15

230 3452 512 3540 indulgentissimo
537 3454 725 3539 imperatori
753 3458 885 3538 postero
913 3454 965 3520 die
988 3477 1085 3540 quem
1109 3454 1312 3520 dedicauerat
1334 3477 1417 3539 opus
1439 3456 1566 3522 tradere

231 3560 338 3626 iussus
361 3583 440 3626 sum.
478 3560 627 3646 ‘potuisti
651 3560 742 3627 illud’
766 3562 851 3627 dieet
874 3561 991 3647 aliquis
1015 3562 1059 3627 ‘et
1081 3566 1156 3627 ante
1175 3560 1315 3627 uidisse'.
1352 3562 1565 3648 respondebis

231 3667 278 3732 illi
298 3671 345 3755 tu,
363 3668 464 3735 Stella
478 3669 651 3754 carissime,
670 3669 723 3754 qui
744 3668 978 3753 epithalamion
992 3673 1085 3734 tuum
1100 3668 1160 3754 [2],
1175 3669 1260 3754 quod
1275 3668 1355 3734 mihi
1370 3669 1566 3758 iniunxeras,

231 3775 293 3841 sois
317 3775 417 3842 biduo
443 3776 614 3862 scriptum,
642 3776 792 3843 audeeter
816 3776 1007 3859 mehereles,
1034 3776 1090 3841 sed
1112 3781 1163 3842 ter
1186 3781 1315 3842 eentum
1338 3782 1447 3844 tamen
1470 3778 1565 3844 hexa-

320 3988 465 4025 inermum
484 3988 582 4025 vimis
618 3972 740 4026 'litatum
763 3977 879 4027 testetur
897 3971 933 4023 A·
957 4003 991 4011 -
1015 3977 1031 4024 ‘2
1055 3987 1112 4039 qua
1134 3972 1214 4041 peste
1232 3972 1262 4026 et
1278 3972 1319 4024 1¹
1346 3988 1461 4042 quaqua
1483 3975 1564 4044 parte

231 4062 363 4117 Heinsius
373 4090 405 4100 -
420 4066 437 4114 4
451 4057 607 4129 prodierint
620 4060 792 4131 suppleuitt
806 4058 977 4130 prodiissent
986 4078 1000 4113 e
1009 4090 1045 4099 -—
1056 4062 1168 4130 oportet
1181 4059 1264 4115 huius
1278 4062 1395 4117 inseruit
1409 4080 1423 4116 o
1437 4064 1566 4119 lamnam

230 4156 316 4205 totum
334 4151 459 4219 (sortasse
472 4166 506 4205 ex
520 4148 556 4201 A·
571 4151 707 4219 testatam)
724 4150 863 4219 suppleuit
876 4151 960 4205 diora
974 4154 1007 4215 Δς
1027 4156 1099 4205 certo
1112 4152 1166 4221 lepi
1174 4156 1264 4220 potest
1277 4167 1326 4222 op,
1345 4158 1432 4207 cetera
1445 4154 1566 4208 eonieias

230 4241 316 4307 [uisse
330 4254 417 4311 oprer
431 4238 514 4294 buius
528 4245 579 4293 aut
592 4238 654 4311 opis
668 4238 750 4293 huius
765 4271 800 4279 -
815 4244 830 4291 ῠ
845 4254 930 4307 quom
944 4238 1037 4293 adhuc
1053 4238 1238 4295 Marklandue
1252 4270 1285 4281 -
1299 4245 1316 4294 8
1331 4240 1406 4309 quod
1425 4243 1455 4295 et
1472 4258 1565 4296 serum

232 4328 367 4384 Hessius
380 4360 415 4369 -
431 4333 464 4382 13
478 4326 608 4397 quamuis
622 4344 773 4395 mrmeone;
791 4346 860 4385 corr.
877 4334 894 4383 ς
913 4361 945 4369 -
967 4334 1000 4382 15
1019 4330 1131 4383 eentum
1144 4329 1185 4382 Ιι
1199 4330 1323 4384 aetenam
1336 4328 1378 4383 1¹
1395 4337 1453 4387 cett.
1473 4349 1491 4383 ι
1508 4348 1565 4386 non

230 4436 300 4474 corr.
315 4450 348 4459 -
369 4422 401 4471 17
420 4416 539 4487 iussum3
558 4416 650 4473 iussus
670 4425 759 4474 sums
779 4450 814 4457 -
834 4423 867 4472 19
882 4418 932 4473 sed
950 4420 1063 4473 tautum
1080 4420 1188 4486 tamem
1211 4436 1280 4475 eorr.
1301 4419 1382 4475 Elter
1405 4450 1438 4461 -

320 4614 456 4651 ivcronse
480 4616 638 4651 imriroaes
680 4596 734 4653 Oio.
750 4598 821 4651 orat
837 4596 877 4651 11
903 4596 953 4650 diu
971 4596 1159 4667 multumque,
1179 4597 1278 4667 Brute,
1296 4596 1429 4653 dubitaui
1466 4596 1562 4655 Sidon.

231 4702 274 4757 ep.
285 4685 336 4739 Vll
350 4692 396 4740 3.1
421 4684 470 4739 diu
493 4686 669 4756 multumque
692 4684 847 4741 delibersui
871 4730 877 4741 .
898 4729 903 4741 .
925 4730 930 4741 .
956 4702 993 4741 an
1017 4686 1201 4755 ‹lestinurem‚
1229 4686 1313 4742 sicuti
1335 4685 1473 4757 iniungis,
1498 4704 1563 4743 oon-

232 4774 462 4845 bestiunculae,
485 4794 556 4845 quas
580 4776 640 4848 ipse
664 4775 771 4830 dictaui
795 4808 828 4818 -
853 4780 886 4829 13
910 4775 1014 4831 Auson.
1030 4775 1111 4847 epist.
1126 4776 1178 4831 XII
1195 4794 1222 4846 p.
1237 4776 1362 4832 asera?
1399 4776 1475 4845 quod
1496 4794 1564 4833 sane

231 4864 287 4936 ipsi
306 4884 356 4935 per
374 4882 404 4920 se
422 4866 584 4935 probabunt
606 4865 682 4919 XXV
697 4884 724 4935 p.
739 4871 824 4922 uwel
859 4882 1032 4935 quamquam
1047 4865 1099 4922 hoe
1113 4864 1169 4937 ipsi
1183 4866 1218 4921 de
1233 4883 1263 4921 ee
1279 4864 1442 4937 probabunt
1468 4866 1563 4923 Sidon.

231 4970 275 5027 ep.
292 4954 404 5011 vilan
431 4972 503 5025 quae
522 4955 575 5011 boe
594 4956 629 5011 de
648 4971 677 5009 se
696 4954 799 5025 probat
819 4986 851 4997 -
