3775 5567
851 415 882 471 P.
900 414 1039 470 PAPINII
1056 414 1175 471 STATll

559 577 625 643 iam
646 581 680 643 te
703 577 822 643 blanda
844 577 918 644 sinu
940 578 1040 663 Tyrio
1063 578 1128 644 sibi
1152 577 1249 644 Curia
1269 579 1349 645 felix

559 685 673 750 educat
696 689 729 750 et
752 690 883 751 cunctas
905 685 1025 773 gaudet
1048 685 1207 771 spondere
1230 686 1365 753 curules.
1387 723 1433 733 -

648 792 726 858 haec
745 815 806 879 ego
826 791 1018 859 Chalcidicis
1036 792 1076 858 ad
1095 798 1141 879 te,
1159 794 1323 878 Marcelle,
1342 793 1497 859 sonabam

559 899 725 985 litoribus,
747 900 867 966 fractas
890 901 948 966 ubi
970 900 1110 966 Vesuius
1133 901 1231 988 erigit
1253 902 1318 967 iras

557 1007 684 1072 aemula
706 1006 880 1073 Trinacriis
903 1007 1039 1073 uoluens
1061 1008 1210 1073 incendia
1231 1008 1378 1074 flammis.

558 1114 640 1179 mira
662 1113 755 1180 fidesl
791 1115 940 1181 credetne
963 1115 1070 1181 uirum
1092 1119 1230 1181 uentura
1253 1138 1413 1202 propago,

558 1244 631 1286 cum
650 1227 776 1310 segetes
795 1221 922 1307 iterum,
941 1245 1015 1288 cum
1033 1222 1098 1287 iam
1115 1222 1195 1288 haec
1214 1222 1340 1287 deserte
1358 1222 1521 1309 uirebunt,

558 1327 643 1393 infra
665 1328 764 1394 urbes
785 1329 991 1415 populosque
1013 1330 1118 1415 premi
1142 1329 1355 1415 proauitaque
1378 1333 1466 1394 tosto

558 1459 634 1502 rure
656 1436 775 1502 abiisse
798 1437 902 1502 mari?
937 1436 1076 1502 necdum
1097 1436 1194 1502 letale
1218 1436 1333 1502 minari

471 1531 474 1536 ’
559 1547 663 1609 cessat
686 1566 779 1628 apex.
824 1543 938 1629 procul
961 1544 1024 1609 ista
1046 1548 1105 1611 tuo
1128 1544 1195 1609 sint
1217 1545 1285 1610 fata
1307 1543 1400 1609 Teati

558 1673 618 1716 nec
640 1651 840 1716 Marrucinos
863 1656 940 1738 agat
962 1651 1041 1717 haec
1064 1652 1189 1717 insania
1211 1655 1347 1717 montes.

647 1779 733 1823 nunc
756 1757 784 1823 si
806 1743 890 1823 forte
914 1758 995 1824 meis
1019 1781 1101 1844 quae
1124 1759 1191 1825 sint
1214 1759 1345 1824 exordia
1367 1758 1469 1824 musis

562 1864 643 1930 scire
667 1864 767 1949 petis,
790 1864 854 1930 iam
877 1863 1027 1931 Sidonios
1050 1888 1179 1932 emensa
1201 1866 1330 1932 labores

560 1971 702 2036 Thebais
725 1976 839 2056 optato
863 1972 995 2060 collegit
1019 1975 1152 2038 carbasa
1175 1978 1273 2059 portu

559 2078 758 2164 Parnasique
781 2079 869 2166 iugis
891 2079 1038 2164 silvaque
1061 2079 1251 2146 Heliconide
1273 2080 1366 2145 festis

560 2191 634 2251 tura
657 2185 745 2250 dedit
768 2186 906 2251 flammis
929 2191 963 2252 et
985 2187 1123 2274 uirginis
1146 2192 1222 2253 exta
1245 2188 1398 2253 iuuencae

559 2293 762 2378 uotiferaque
785 2315 873 2358 meas
896 2293 1066 2378 suspendit
1089 2295 1131 2358 ah
1154 2295 1270 2360 arbore
1293 2296 1403 2360 uittas.

560 2423 645 2467 nunc
668 2423 787 2465 uacuos
811 2399 915 2466 crines
937 2400 1002 2465 alio
1025 2401 1116 2467 subit
1139 2402 1242 2467 infula
1263 2424 1362 2468 nexu:

561 2508 658 2573 Troia
677 2507 807 2594 quidem
826 2530 1027 2596 magnusque
1046 2509 1125 2574 mihi
1146 2512 1326 2594 temptatur
1343 2509 1502 2595 Achilles,

562 2616 617 2680 sed
634 2619 730 2680 uocat
749 2616 929 2681 arcitenens
949 2616 1012 2681 alio
1032 2619 1126 2701 pater
1143 2637 1295 2701 armaque
1313 2621 1475 2684 monstrat

561 2721 699 2787 Ausonii
723 2722 845 2788 maiora
867 2722 965 2787 ducis.
1011 2721 1113 2788 trahit
1135 2722 1278 2807 impetus
1300 2723 1358 2791 illo

563 2830 628 2895 iam
647 2830 772 2915 pridem
791 2829 992 2914 retrahitque
1011 2829 1117 2895 timor.
1155 2832 1331 2896 stabuntne
1349 2833 1410 2898 sub
1430 2832 1487 2898 illa

562 2936 647 3002 mole
670 2936 773 3002 umeri
797 2959 838 3001 an
860 2958 980 3023 magno
1004 2936 1154 3002 uincetur
1176 2939 1318 3022 pondere
1341 2939 1473 3005 ceruix?

561 3044 625 3128 dic,
647 3044 813 3130 Marcelle,
835 3043 959 3108 feram?
996 3043 1114 3109 fluctus
1136 3066 1178 3110 an
1200 3049 1293 3110 sueta
1315 3046 1455 3112 minores

560 3173 656 3217 nosse
679 3150 759 3217 ratis
780 3150 925 3216 nondum
947 3149 1048 3216 Ioniis
1072 3151 1229 3217 credenda
1251 3152 1404 3237 periclis?
1633 3173 1684 3220 loo

650 3259 778 3344 iamque
796 3259 869 3324 uale
887 3262 921 3323 et
939 3258 1070 3344 penitus
1088 3259 1159 3324 noti
1178 3259 1241 3324 tibi
1260 3259 1346 3324 uatis
1364 3260 1521 3326 honorem

563 3368 657 3432 corde
681 3367 769 3431 exire
792 3371 875 3432 ueta.
918 3387 979 3431 nec
1002 3366 1089 3432 enim
1111 3366 1315 3454 Tirynthius,
1339 3367 1441 3432 almae

563 3478 677 3559 pectus
700 3472 876 3558 amicitiae,
900 3511 942 3520 —
967 3452 1060 3539 cedet
1081 3473 1144 3538 tibi
1167 3473 1272 3560 gloria
1294 3474 1349 3538 fidi

563 3580 706 3645 Theseos
729 3585 762 3645 et
785 3579 926 3646 lacerum
951 3580 1007 3665 qui
1030 3580 1115 3646 circa
1137 3581 1264 3647 moenia
1286 3581 1401 3647 Troiae

561 3686 745 3752 Priamiden
769 3709 861 3753 caeso
885 3686 1005 3752 solacia
1027 3687 1127 3753 traxit
1150 3688 1261 3754 amico.
1632 3706 1682 3756 108

439 3850 471 3899 76
491 3845 583 3915 gloria
602 3844 682 3915 feli13
707 3863 776 3902 corr.
796 3846 982 3902 Marklandoe
1008 3878 1042 3887 -
1072 3845 1338 3916 7011111111(Μο
1360 3849 1442 3903 etium
1455 3847 1493 3899 Δ*
1518 3879 1553 3887 -
1580 3846 1682 3919 eriget3
1768 3885 1771 3890 ·

349 3933 434 4006 erigit
446 3940 489 3989 Bc
517 3937 607 4006 egerit
625 3937 769 3991 Acontius
787 3967 821 3977 -
845 3941 878 3990 88
903 3937 977 4006 tot03
1001 3936 1208 3992 1117101111
1238 3936 1300 3991 tota
1321 3939 1488 4010 Gruaheqer
1510 3967 1544 3977 ·-
1568 3942 1602 3991 85
1625 3936 1683 3991 ista

348 4027 413 4079 tuos
432 4024 462 4078 in
479 4023 542 4079 fate
560 4027 650 4093 teate3
679 4027 728 4081 tuo
745 4024 803 4080 sint
820 4023 882 4080 lata
896 4023 1011 4080 Theano
1030 4023 1122 4096 (Teati
1135 4026 1279 4096 Imhofius)
1296 4027 1337 4082 cd,
1352 4027 1446 4084 Paean.
1478 4026 1534 4082 tihi
1547 4026 1605 4081 sint
1622 4027 1684 4082 fata

348 4113 435 4169 Teate
454 4114 643 4171 Marklandus
663 4146 696 4156 -
718 4120 768 4169 101
787 4114 863 4169 uatis
883 4130 1036 4169 amoremo
1055 4146 1089 4155 —

439 4263 471 4312 76
495 4257 641 4314 8111112.
658 4264 691 4313 27
724 4257 765 4314 sic
788 4261 817 4313 te
842 4257 917 4314 clare
940 4275 1010 4329 puer
1027 4257 1155 4328 genitum
1173 4257 1229 4313 sibi
1251 4257 1335 4314 Curia
1357 4259 1445 4314 sensit
1463 4259 1501 4314 IV
1515 4266 1540 4315 5.
1554 4267 1588 4315 41
1617 4259 1683 4315 hinc

348 4364 453 4420 paruus
472 4347 547 4402 inter
564 4347 684 4418 pignora
698 4346 799 4404 Curiae
817 4347 918 4402 crescis
933 4346 1031 4403 Claud.
1046 4347 1085 4402 VI
1104 4364 1178 4403 cons.
1193 4348 1264 4404 lion.
1280 4354 1330 4403 601
1355 4347 1433 4403 cuius
1453 4348 1594 4404 cunabula
1611 4348 1685 4405 fouit

349 4437 434 4493 Curia
452 4467 486 4476 —
506 4436 693 4493 81111441
721 4436 806 4492 Curia
823 4437 892 4492 felix
910 4469 945 4478 —
970 4442 1003 4491 70
1022 4436 1085 4492 Seu.
1104 4437 1207 4493 Phoen.
1228 4443 1280 4492 186
1298 4437 1403 4493 frocus
1423 4437 1550 4494 ...iras
1582 4438 1632 4495 Sil.
1650 4439 1684 4494 lt.

348 4527 450 4582 111278
478 4525 564 4597 erigit
582 4525 639 4581 iras
662 4526 1032 4582 Alan.Planct.nat.V113
1051 4528 1300 4599 (Lcyserpdoool
1323 4559 1358 4568 —
1384 4533 1418 4582 81
1442 4529 1478 4596 cf.
1497 4529 1535 4584 od
1557 4527 1635 4583 1113.
1650 4533 1683 4581 21

194 4615 198 4624 “
242 4643 246 4656 =
349 4649 382 4657 —
402 4616 473 4672 Plin
492 4614 628 4685 Pasage
657 4616 807 4672 credentne
821 4615 927 4686 posteri
947 4614 1042 4671 Sidon.
1057 4616 1085 4672 C.
1100 4616 1172 4670 1124
1204 4617 1300 4672 credet
1317 4620 1437 4672 uentum
1454 4633 1581 4688 propago
1600 4619 1634 4684 cs.
1655 4616 1684 4672 C.

69 4679 84 4708 a
349 4707 400 4760 VII
414 4711 467 4760 310
493 4704 590 4760 Claud.
606 4704 636 4760 B.
652 4704 734 4760 Goth.
748 4713 800 4761 428
820 4738 854 4748 -
875 4711 925 4760 101
941 4705 1043 4762 Catull.
1061 4712 1149 4763 1022
1173 4707 1286 4776 penitus
1304 4709 1372 4761 nota
1390 4705 1461 4761 fides
1479 4709 1514 4775 cs.
1533 4706 1599 4761 Hor.
1614 4706 1685 4777 Epp.

349 4796 498 4851 11880-
509 4800 559 4849 100
570 4793 666 4849 Manil.
674 4794 700 4849 ll
708 4801 759 4849 082
773 4794 846 4851 nihil
856 4798 959 4851 natura
968 4795 1077 4851 creauit
1089 4797 1203 4866 pectore
1213 4795 1356 4852 amicitiae
1369 4794 1462 4850 maius
1476 4795 1685 4851 1111111142

350 4885 424 4940 fidae
442 4887 540 4956 pectus
560 4883 704 4940 amicitiae
721 4917 757 4927 -
