3775 5567
848 463 878 518 P.
897 462 1035 518 Parum
1052 463 1170 519 ertum

556 634 654 714 atque
672 627 806 713 hospes,
823 649 890 693 non
908 626 984 693 exul
1002 631 1080 693 erat.
1116 649 1175 693 neo
1193 627 1293 716 longa
1309 633 1455 694 moratus

556 736 749 803 Romuleum
772 755 895 801 reseras
918 734 1050 821 iterum,
1073 734 1276 821 Germanice,
1297 735 1397 801 limen

557 847 818 928 maerentemque
841 843 934 908 foues
957 841 1193 928 inclinatosque
1216 847 1351 927 penates

557 951 656 1038 erigis
676 987 717 998 -
736 950 824 1016 haud
842 949 974 1035 mirum,
993 950 1108 1015 ductor
1125 950 1356 1036 placidissime,
1375 951 1503 1035 quando

556 1058 636 1124 haec
659 1061 709 1124 est
731 1079 813 1143 quae
837 1057 934 1122 uictis
957 1057 1123 1141 parcentia
1146 1057 1276 1122 foedera
1299 1057 1403 1123 Cattis

558 1188 703 1252 quaeque
726 1187 821 1231 suum
843 1163 941 1229 Dacis
965 1164 1064 1229 donat
1086 1164 1258 1230 clementia
1279 1169 1437 1252 montem,

558 1297 639 1360 quae
658 1273 753 1339 modo
771 1271 994 1338 Marcomanos
1013 1276 1088 1357 post
1106 1272 1237 1338 horrida
1256 1272 1343 1337 bella
1361 1295 1526 1360 uagosque

558 1381 763 1447 Sauromatas
785 1379 879 1445 Latio
902 1401 969 1444 non
992 1364 1049 1444 est'
1065 1379 1199 1466 dignata
1221 1379 1398 1464 triumpho.

647 1488 774 1572 iamque
797 1486 831 1551 in
853 1487 918 1550 fine
941 1485 1010 1550 dies
1033 1490 1065 1551 et
1087 1486 1288 1551 inexorabile
1311 1509 1448 1573 pensum

559 1595 674 1662 deficit.
719 1593 773 1660 hic
796 1593 910 1659 maesti
933 1593 1039 1677 pietas
1061 1615 1114 1658 me
1137 1594 1243 1679 poscit
1265 1593 1408 1680 Etrusci,

559 1703 668 1789 qualia
690 1723 749 1768 nec
772 1700 899 1767 Siculae
921 1701 1129 1766 moderantur
1151 1701 1293 1766 carmina
1314 1723 1414 1787 rupes

557 1832 617 1877 nec
639 1809 699 1875 fati
722 1809 787 1874 iam
810 1812 916 1874 certus
939 1807 1011 1873 olor
1033 1808 1185 1893 saeuique
1208 1808 1325 1874 marita

558 1918 684 1982 Tereos.
730 1916 794 1980 heu
818 1914 950 2001 quantis
971 1915 1147 1980 lassantem
1170 1915 1302 1981 brachia
1324 1915 1391 1981 uidi

558 2023 744 2110 planctibus
767 2027 800 2088 et
823 2043 926 2107 prono
951 2022 1059 2087 fusum
1082 2043 1180 2109 super
1203 2023 1313 2089 oscula
1335 2024 1443 2090 uultu!

558 2131 614 2196 uix
637 2130 751 2196 famuli
774 2129 974 2214 comitesque
996 2133 1122 2214 tenent,
1145 2128 1202 2195 uix
1224 2131 1342 2195 arduus
1365 2131 1452 2218 ignis

559 2242 749 2305 summouet.
794 2236 882 2301 haud
904 2236 999 2301 aliter
1021 2236 1146 2323 gemuit
1169 2237 1312 2322 periuria
1333 2238 1490 2326 Theseus,

557 2346 654 2411 litore
677 2344 733 2430 qui
756 2343 846 2409 falsis
869 2343 1039 2429 deceperat
1061 2342 1172 2431 Aegea
1194 2344 1285 2410 uelis.

557 2460 636 2520 tunc
658 2453 797 2518 immane
821 2473 955 2538 gemens
975 2450 1187 2536 foedatusque
1211 2474 1268 2517 ora
1290 2457 1440 2538 tepentes

559 2561 687 2626 adfatur
709 2559 847 2626 cineres:

893 2665 963 2730 ‘cur
984 2687 1058 2749 nos,
1080 2665 1247 2753 fidissime,
1264 2667 1386 2752 linquis

559 2773 704 2840 Fortuna
727 2772 894 2859 redeunte,
917 2772 1033 2856 pater?
1069 2772 1164 2838 modo
1187 2773 1321 2839 numina
1343 2777 1453 2863 magni

560 2881 717 2968 praesidis
740 2884 838 2966 atque
861 2879 978 2945 breues
1001 2901 1155 2965 superum
1177 2880 1378 2966 placauimus
1396 2883 1474 2969 iras,

558 3011 619 3054 nec
640 2988 757 3054 frueris
779 2987 927 3073 tantique
951 2987 1087 3053 orbatus
1108 2989 1250 3054 muneris
1272 3011 1333 3054 usu

559 3097 600 3162 ad
622 3117 745 3180 manes,
768 3095 909 3182 ingrate,
931 3094 1027 3182 fugis
1072 3117 1132 3161 nec
1154 3096 1283 3161 flectere
1305 3097 1422 3163 Parcas

560 3208 616 3268 aut
638 3203 764 3288 placare
786 3201 889 3267 malae
913 3202 1009 3266 datm
1031 3223 1144 3287 aspera
1164 3203 1299 3268 numina
1321 3203 1452 3270 Lethes!

559 3310 652 3396 felix,
675 3309 726 3375 cui
750 3329 867 3397 magna
889 3313 1017 3394 patrem
1039 3309 1163 3375 ceruice
1188 3311 1319 3377 uehenti

560 3439 650 3484 saera
672 3417 863 3502 Mycenaeae
887 3415 995 3501 patuit
1017 3415 1199 3481 reuerentia
1216 3418 1377 3503 flammae,

560 3525 680 3611 quique
703 3527 795 3590 tener
817 3522 922 3590 saeuis
944 3522 1126 3610 genitorem
1149 3521 1258 3608 Scipio
1281 3523 1400 3592 Poenis

560 3631 697 3697 abstulit
720 3635 753 3696 et
775 3629 858 3716 Lydi
881 3629 987 3715 pietas
1009 3630 1181 3695 temeraria
1202 3630 1313 3697 Lausi!

561 3761 638 3826 ergo
662 3741 694 3803 et
717 3736 892 3803 Thessalici
915 3736 1056 3802 coniunx
1078 3759 1214 3822 pensare
1237 3738 1346 3805 mariti

437 3993 489 4044 166
512 3987 604 4059 captis
622 3988 714 4058 (eiam
727 3985 804 4054 Δ*7);
832 4001 930 4040 ωηο
959 4016 992 4025 -
1021 3989 1073 4038 174
1093 3984 1276 4040 modulantur
1292 3985 1436 4042 Basileios
1454 4019 1488 4028 —
1512 3993 1564 4042 160
1582 3987 1679 4056 litora3

347 4095 416 4134 corr.
432 4081 479 4132 ςΔ
510 4076 600 4131 lintea
618 4075 777 4132 Polittaaas
808 4073 1043 4144 perinanis...
1062 4073 1147 4128 litora
1165 4075 1327 4131 Bassianus
1352 4093 1402 4146 per
1416 4075 1505 4131 Sunia
1595 4076 1680 4132 litora

350 4167 555 4223 Frieden'ctr'ue
573 4197 606 4208 -
627 4170 678 4220 182
697 4164 742 4220 cui
760 4181 825 4232 nos;
848 4181 916 4220 corr.
932 4171 950 4219 ς
969 4195 1005 4205 -

348 4307 505 4316 ..--.----
539 4307 560 4312 -.

438 4405 489 4454 164
508 4400 543 4467 cf.
562 4399 600 4453 od
617 4399 735 4453 16617
755 4396 965 4466 (1116611Π61
990 4412 1043 4452 nec
1060 4394 1147 4468 longa
1164 4399 1301 4467 moratus)
1326 4429 1360 4438 -
1388 4403 1439 4452 166
1463 4397 1680 4454 suavatas

347 4492 455 4546 reserat
474 4532 480 4545 .
501 4532 506 4543 .
528 4531 532 4542 .
551 4486 638 4542 limen
666 4518 699 4527 -
729 4492 780 4542 166
803 4485 1099 4541 clandestinum
1122 4485 1192 4540 haec
1215 4489 1259 4541 est
1282 4485 1312 4541 in
1336 4485 1474 4557 gremium
1497 4486 1590 4542 uictos
1608 4503 1681 4558 quae

348 4579 409 4634 sola
427 4576 534 4648 recepit
561 4609 594 4618 —-
625 4581 675 4630 176
694 4575 781 4631 Theb.
797 4575 835 4630 Vl
850 4581 883 4631 46
907 4574 1080 4630 inexorabile
1098 4591 1216 4645 pensum
1244 4607 1277 4616 -
1307 4581 1357 4630 176
1381 4575 1602 4631 Lucan.V1181
1627 4575 1681 4631 fati

348 4671 440 4724 certus
468 4669 585 4735 uterque
613 4665 760 4721 Siluvs.
776 4670 810 4720 60
845 4665 899 4720 fati
989 4663 1224 4719 certus...olor
1252 4697 1285 4706 -
1314 4671 1366 4720 176
1393 4667 1428 4734 cf.
1447 4667 1487 4721 od
1503 4665 1568 4720 111.
1583 4671 1618 4720 76
1645 4698 1680 4706 -

350 4763 400 4812 166
416 4755 603 4812 6110116766
618 4754 685 4810 felix
695 4753 744 4810 ille
754 4757 862 4826 petrem
872 4751 971 4809 uacuis
983 4752 1169 4808 circumdedit
1182 4753 1257 4809 ulnis
1271 4772 1322 4825 eps.
1336 4753 1677 4825 ctVerg.1t.V1119sqq.

348 4845 511 4901 meum
529 4851 631 4916 fitaqq.
658 4877 692 4886 ·-
721 4843 940 4899 suanacas
968 4859 1098 4913 magna.
1120 4843 1281 4898 ..ceruice
1310 4875 1342 4884 -
1372 4849 1422 4900 161
1442 4843 1573 4914 Vergd.
1592 4845 1681 4898 11616

347 4935 438 5006 pietas
457 4966 491 4975 -
