<?xml version="1.0" encoding="UTF-8"?>
<!DOCTYPE html PUBLIC "-//W3C//DTD XHTML 1.0 Transitional//EN"
    "http://www.w3.org/TR/xhtml1/DTD/xhtml1-transitional.dtd">
<html xmlns="http://www.w3.org/1999/xhtml" xml:lang="en" lang="en">
 <head>
  <title>
</title>
<meta http-equiv="Content-Type" content="text/html;charset=utf-8" />
  <meta name='ocr-system' content='tesseract 3.04.00' />
  <meta name='ocr-capabilities' content='ocr_page ocr_carea ocr_par ocr_line ocrx_word'/>
</head>
<body>
  <div class='ocr_page' id='page_1' title='image "./silvarvmlibri01buecgoog_0104.png"; bbox 0 0 3775 5567; ppageno 0'>
   <div class='ocr_carea' id='block_1_1' title="bbox 850 473 1174 530">
    <p class='ocr_par' dir='ltr' id='par_1_1' title="bbox 850 473 1174 530">
     <span class='ocr_line' id='line_1_1' title="bbox 850 473 1174 530; baseline 0 -2"><span class='ocrx_word' id='word_1_1' title='bbox 850 475 879 530; x_wconf 89' lang='grc' dir='ltr'><strong>Ρ.</strong></span> <span class='ocrx_word' id='word_1_2' title='bbox 900 473 1037 530; x_wconf 83' lang='grc' dir='ltr'>ΡΑΡΙΝΠ</span> <span class='ocrx_word' id='word_1_3' title='bbox 1056 473 1174 530; x_wconf 77' lang='lat' dir='ltr'>STATII</span> 
     </span>
    </p>
   </div>
   <div class='ocr_carea' id='block_1_2' title="bbox 547 637 1519 2770">
    <p class='ocr_par' dir='ltr' id='par_1_2' title="bbox 555 637 1377 724">
     <span class='ocr_line' id='line_1_2' title="bbox 555 637 1377 724; baseline 0 -22"><span class='ocrx_word' id='word_1_4' title='bbox 555 659 690 722; x_wconf 87' lang='lat' dir='ltr'><strong>cumque</strong></span> <span class='ocrx_word' id='word_1_5' title='bbox 714 637 790 722; x_wconf 83' lang='lat' dir='ltr'><strong>Tyri</strong></span> <span class='ocrx_word' id='word_1_6' title='bbox 813 638 926 704; x_wconf 78' lang='lat' dir='ltr'><strong>niueos</strong></span> <span class='ocrx_word' id='word_1_7' title='bbox 949 644 1037 704; x_wconf 88' lang='lat' dir='ltr'><strong>secat</strong></span> <span class='ocrx_word' id='word_1_8' title='bbox 1060 645 1093 704; x_wconf 89' lang='lat' dir='ltr'><strong>et</strong></span> <span class='ocrx_word' id='word_1_9' title='bbox 1116 638 1249 704; x_wconf 85' lang='lat' dir='ltr'><strong>Sidonia</strong></span> <span class='ocrx_word' id='word_1_10' title='bbox 1270 661 1377 724; x_wconf 89' lang='lat' dir='ltr'><strong>rupes.</strong></span> 
     </span>
    </p>

    <p class='ocr_par' dir='ltr' id='par_1_3' title="bbox 554 744 1416 1050">
     <span class='ocr_line' id='line_1_3' title="bbox 555 744 1394 835; baseline 0.001 -26"><span class='ocrx_word' id='word_1_11' title='bbox 555 745 609 809; x_wconf 85' lang='lat' dir='ltr'><strong>uix</strong></span> <span class='ocrx_word' id='word_1_12' title='bbox 632 745 722 810; x_wconf 93' lang='lat' dir='ltr'><strong>locus</strong></span> <span class='ocrx_word' id='word_1_13' title='bbox 745 744 901 833; x_wconf 81' lang='lat' dir='ltr'><strong>Eurotae,</strong></span> <span class='ocrx_word' id='word_1_14' title='bbox 925 747 1039 813; x_wconf 89' lang='lat' dir='ltr'><strong>uiridis</strong></span> <span class='ocrx_word' id='word_1_15' title='bbox 1063 769 1136 812; x_wconf 87' lang='lat' dir='ltr'><strong>eum</strong></span> <span class='ocrx_word' id='word_1_16' title='bbox 1159 748 1272 835; x_wconf 82' lang='lat' dir='ltr'><strong>regula</strong></span> <span class='ocrx_word' id='word_1_17' title='bbox 1294 747 1394 833; x_wconf 83' lang='lat' dir='ltr'><strong>longo</strong></span> 
     </span>
     <span class='ocr_line' id='line_1_4' title="bbox 554 850 1416 938; baseline 0.002 -22"><span class='ocrx_word' id='word_1_18' title='bbox 554 850 704 937; x_wconf 83' lang='lat' dir='ltr'><strong>Synnada</strong></span> <span class='ocrx_word' id='word_1_19' title='bbox 728 851 882 918; x_wconf 84' lang='lat' dir='ltr'><strong>distinctu</strong></span> <span class='ocrx_word' id='word_1_20' title='bbox 907 854 1021 919; x_wconf 88' lang='lat' dir='ltr'><strong>uariat.</strong></span> <span class='ocrx_word' id='word_1_21' title='bbox 1056 877 1122 920; x_wconf 87' lang='lat' dir='ltr'><strong>non</strong></span> <span class='ocrx_word' id='word_1_22' title='bbox 1145 854 1259 920; x_wconf 86' lang='lat' dir='ltr'><strong>limina</strong></span> <span class='ocrx_word' id='word_1_23' title='bbox 1280 859 1416 938; x_wconf 86' lang='lat' dir='ltr'><strong>cessant,</strong></span> 
     </span>
     <span class='ocr_line' id='line_1_5' title="bbox 554 959 1271 1050; baseline 0.008 -28"><span class='ocrx_word' id='word_1_24' title='bbox 554 959 711 1046; x_wconf 81' lang='lat' dir='ltr'><strong>effulgent</strong></span> <span class='ocrx_word' id='word_1_25' title='bbox 734 982 892 1048; x_wconf 87' lang='lat' dir='ltr'><strong>camerae,</strong></span> <span class='ocrx_word' id='word_1_26' title='bbox 914 962 1006 1027; x_wconf 86' lang='lat' dir='ltr'><strong>uario</strong></span> <span class='ocrx_word' id='word_1_27' title='bbox 1028 962 1161 1050; x_wconf 80' lang='lat' dir='ltr'><strong>fastigia</strong></span> <span class='ocrx_word' id='word_1_28' title='bbox 1185 963 1271 1029; x_wconf 88' lang='lat' dir='ltr'><strong>uitro</strong></span> 
     </span>
    </p>

    <p class='ocr_par' dir='ltr' id='par_1_4' title="bbox 549 1067 1445 1888">
     <span class='ocr_line' id='line_1_6' title="bbox 553 1067 1445 1156; baseline 0.003 -25"><span class='ocrx_word' id='word_1_29' title='bbox 553 1067 586 1131; x_wconf 90' lang='lat' dir='ltr'><strong>in</strong></span> <span class='ocrx_word' id='word_1_30' title='bbox 610 1067 734 1152; x_wconf 86' lang='lat' dir='ltr'><strong>species</strong></span> <span class='ocrx_word' id='word_1_31' title='bbox 757 1069 929 1154; x_wconf 84' lang='lat' dir='ltr'><strong>animoque</strong></span> <span class='ocrx_word' id='word_1_32' title='bbox 951 1069 1066 1135; x_wconf 86' lang='lat' dir='ltr'><strong>nitent.</strong></span> <span class='ocrx_word' id='word_1_33' title='bbox 1104 1075 1216 1156; x_wconf 84' lang='lat' dir='ltr'><strong>stupet</strong></span> <span class='ocrx_word' id='word_1_34' title='bbox 1238 1071 1308 1156; x_wconf 87' lang='lat' dir='ltr'><strong>ipse</strong></span> <span class='ocrx_word' id='word_1_35' title='bbox 1333 1071 1445 1134; x_wconf 85' lang='lat' dir='ltr'><strong>beatas</strong></span> 
     </span>
     <span class='ocr_line' id='line_1_7' title="bbox 552 1174 1380 1265; baseline 0.007 -28"><span class='ocrx_word' id='word_1_36' title='bbox 552 1174 789 1260; x_wconf 85' lang='lat' dir='ltr'><strong>circumplexus</strong></span> <span class='ocrx_word' id='word_1_37' title='bbox 812 1198 892 1262; x_wconf 88' lang='lat' dir='ltr'><strong>opes</strong></span> <span class='ocrx_word' id='word_1_38' title='bbox 916 1182 948 1242; x_wconf 90' lang='lat' dir='ltr'><strong>et</strong></span> <span class='ocrx_word' id='word_1_39' title='bbox 971 1178 1101 1262; x_wconf 87' lang='lat' dir='ltr'><strong>parcius</strong></span> <span class='ocrx_word' id='word_1_40' title='bbox 1123 1179 1263 1263; x_wconf 84' lang='lat' dir='ltr'><strong>imperat</strong></span> <span class='ocrx_word' id='word_1_41' title='bbox 1286 1177 1380 1265; x_wconf 84' lang='lat' dir='ltr'><strong>ignis.</strong></span> 
     </span>
     <span class='ocr_line' id='line_1_8' title="bbox 551 1280 1392 1368; baseline 0.006 -23"><span class='ocrx_word' id='word_1_42' title='bbox 551 1280 672 1346; x_wconf 88' lang='lat' dir='ltr'><strong>multus</strong></span> <span class='ocrx_word' id='word_1_43' title='bbox 695 1282 816 1368; x_wconf 89' lang='lat' dir='ltr'><strong>ubique</strong></span> <span class='ocrx_word' id='word_1_44' title='bbox 840 1283 922 1368; x_wconf 88' lang='lat' dir='ltr'><strong>dies,</strong></span> <span class='ocrx_word' id='word_1_45' title='bbox 945 1285 1043 1350; x_wconf 87' lang='lat' dir='ltr'><strong>radiis</strong></span> <span class='ocrx_word' id='word_1_46' title='bbox 1066 1285 1124 1350; x_wconf 90' lang='lat' dir='ltr'><strong>ubi</strong></span> <span class='ocrx_word' id='word_1_47' title='bbox 1150 1285 1290 1351; x_wconf 88' lang='lat' dir='ltr'><strong>culmina</strong></span> <span class='ocrx_word' id='word_1_48' title='bbox 1312 1285 1392 1350; x_wconf 90' lang='lat' dir='ltr'><strong>totis</strong></span> 
     </span>
     <span class='ocr_line' id='line_1_9' title="bbox 551 1389 1421 1477; baseline 0.003 -24"><span class='ocrx_word' id='word_1_49' title='bbox 551 1389 695 1473; x_wconf 83' lang='lat' dir='ltr'><strong>perforat</strong></span> <span class='ocrx_word' id='word_1_50' title='bbox 717 1395 817 1475; x_wconf 89' lang='lat' dir='ltr'><strong>atque</strong></span> <span class='ocrx_word' id='word_1_51' title='bbox 840 1391 904 1456; x_wconf 91' lang='lat' dir='ltr'><strong>alio</strong></span> <span class='ocrx_word' id='word_1_52' title='bbox 928 1392 976 1458; x_wconf 89' lang='lat' dir='ltr'><strong>sol</strong></span> <span class='ocrx_word' id='word_1_53' title='bbox 999 1393 1170 1477; x_wconf 87' lang='lat' dir='ltr'><strong>improbus</strong></span> <span class='ocrx_word' id='word_1_54' title='bbox 1193 1393 1300 1459; x_wconf 84' lang='lat' dir='ltr'><strong>uritur</strong></span> <span class='ocrx_word' id='word_1_55' title='bbox 1322 1397 1421 1458; x_wconf 89' lang='lat' dir='ltr'><strong>aestu.</strong></span> 
     </span>
     <span class='ocr_line' id='line_1_10' title="bbox 549 1497 1402 1585; baseline 0.005 -25"><span class='ocrx_word' id='word_1_56' title='bbox 549 1497 597 1561; x_wconf 91' lang='lat' dir='ltr'><strong>nil</strong></span> <span class='ocrx_word' id='word_1_57' title='bbox 619 1497 667 1562; x_wconf 93' lang='lat' dir='ltr'><strong>ibi</strong></span> <span class='ocrx_word' id='word_1_58' title='bbox 690 1498 869 1585; x_wconf 90' lang='lat' dir='ltr'><strong>plebeium;</strong></span> <span class='ocrx_word' id='word_1_59' title='bbox 891 1522 1053 1584; x_wconf 76' lang='lat' dir='ltr'><strong>nusquam</strong></span> <span class='ocrx_word' id='word_1_60' title='bbox 1076 1500 1248 1566; x_wconf 82' lang='lat' dir='ltr'><strong>Temesaea</strong></span> <span class='ocrx_word' id='word_1_61' title='bbox 1269 1500 1402 1565; x_wconf 88' lang='lat' dir='ltr'><strong>notabis</strong></span> 
     </span>
     <span class='ocr_line' id='line_1_11' title="bbox 550 1605 1303 1693; baseline 0.005 -25"><span class='ocrx_word' id='word_1_62' title='bbox 550 1626 636 1691; x_wconf 84' lang='lat' dir='ltr'><strong>aera,</strong></span> <span class='ocrx_word' id='word_1_63' title='bbox 659 1605 715 1670; x_wconf 87' lang='lat' dir='ltr'><strong>sed</strong></span> <span class='ocrx_word' id='word_1_64' title='bbox 738 1612 872 1693; x_wconf 81' lang='lat' dir='ltr'><strong>argento</strong></span> <span class='ocrx_word' id='word_1_65' title='bbox 896 1607 975 1673; x_wconf 83' lang='lat' dir='ltr'><strong>felix</strong></span> <span class='ocrx_word' id='word_1_66' title='bbox 999 1608 1196 1692; x_wconf 74' lang='lat' dir='ltr'><strong>propellitur</strong></span> <span class='ocrx_word' id='word_1_67' title='bbox 1218 1607 1303 1672; x_wconf 89' lang='lat' dir='ltr'><strong>unda</strong></span> 
     </span>
     <span class='ocr_line' id='line_1_12' title="bbox 549 1714 1374 1801; baseline 0.004 -25"><span class='ocrx_word' id='word_1_68' title='bbox 549 1717 748 1799; x_wconf 75' lang='lat' dir='ltr'><strong>argentoque</strong></span> <span class='ocrx_word' id='word_1_69' title='bbox 771 1714 857 1779; x_wconf 84' lang='lat' dir='ltr'><strong>cadit</strong></span> <span class='ocrx_word' id='word_1_70' title='bbox 879 1714 1045 1801; x_wconf 87' lang='lat' dir='ltr'><strong>labrisque</strong></span> <span class='ocrx_word' id='word_1_71' title='bbox 1067 1715 1250 1781; x_wconf 71' lang='lat' dir='ltr'><strong>nitentibus</strong></span> <span class='ocrx_word' id='word_1_72' title='bbox 1273 1715 1374 1780; x_wconf 89' lang='lat' dir='ltr'><strong>instat</strong></span> 
     </span>
     <span class='ocr_line' id='line_1_13' title="bbox 549 1818 1243 1888; baseline 0.006 -4"><span class='ocrx_word' id='word_1_73' title='bbox 549 1818 679 1886; x_wconf 77' lang='lat' dir='ltr'><strong>delicias</strong></span> <span class='ocrx_word' id='word_1_74' title='bbox 702 1821 818 1886; x_wconf 85' lang='lat' dir='ltr'><strong>mirata</strong></span> <span class='ocrx_word' id='word_1_75' title='bbox 841 1844 916 1888; x_wconf 87' lang='lat' dir='ltr'><strong>suas</strong></span> <span class='ocrx_word' id='word_1_76' title='bbox 940 1828 973 1887; x_wconf 90' lang='lat' dir='ltr'><strong>et</strong></span> <span class='ocrx_word' id='word_1_77' title='bbox 996 1822 1086 1888; x_wconf 85' lang='lat' dir='ltr'><strong>abire</strong></span> <span class='ocrx_word' id='word_1_78' title='bbox 1109 1827 1243 1888; x_wconf 86' lang='lat' dir='ltr'><strong>recusat.</strong></span> 
     </span>
    </p>

    <p class='ocr_par' dir='ltr' id='par_1_5' title="bbox 547 1929 1519 2447">
     <span class='ocr_line' id='line_1_14' title="bbox 551 1929 1435 2018; baseline 0.005 -27"><span class='ocrx_word' id='word_1_79' title='bbox 551 1931 641 1992; x_wconf 83' lang='lat' dir='ltr'><strong>extra</strong></span> <span class='ocrx_word' id='word_1_80' title='bbox 663 1933 772 1995; x_wconf 86' lang='lat' dir='ltr'><strong>autern</strong></span> <span class='ocrx_word' id='word_1_81' title='bbox 795 1929 890 1995; x_wconf 91' lang='lat' dir='ltr'><strong>niueo</strong></span> <span class='ocrx_word' id='word_1_82' title='bbox 914 1930 970 2015; x_wconf 93' lang='lat' dir='ltr'><strong>qui</strong></span> <span class='ocrx_word' id='word_1_83' title='bbox 995 1930 1140 2018; x_wconf 83' lang='lat' dir='ltr'><strong>margine</strong></span> <span class='ocrx_word' id='word_1_84' title='bbox 1163 1929 1309 1996; x_wconf 86' lang='lat' dir='ltr'><strong>eaerulus</strong></span> <span class='ocrx_word' id='word_1_85' title='bbox 1332 1929 1435 1996; x_wconf 88' lang='lat' dir='ltr'><strong>amnis</strong></span> 
     </span>
     <span class='ocr_line' id='line_1_15' title="bbox 549 2035 1519 2123; baseline 0.003 -24"><span class='ocrx_word' id='word_1_86' title='bbox 549 2035 633 2100; x_wconf 88' lang='lat' dir='ltr'><strong>uiuit</strong></span> <span class='ocrx_word' id='word_1_87' title='bbox 656 2039 689 2100; x_wconf 88' lang='lat' dir='ltr'><strong>et</strong></span> <span class='ocrx_word' id='word_1_88' title='bbox 712 2036 746 2102; x_wconf 91' lang='lat' dir='ltr'><strong>in</strong></span> <span class='ocrx_word' id='word_1_89' title='bbox 770 2059 929 2103; x_wconf 89' lang='lat' dir='ltr'><strong>summum</strong></span> <span class='ocrx_word' id='word_1_90' title='bbox 954 2037 1054 2103; x_wconf 91' lang='lat' dir='ltr'><strong>fundo</strong></span> <span class='ocrx_word' id='word_1_91' title='bbox 1077 2042 1169 2123; x_wconf 77' lang='lat' dir='ltr'><strong>patet</strong></span> <span class='ocrx_word' id='word_1_92' title='bbox 1192 2038 1297 2104; x_wconf 88' lang='lat' dir='ltr'><strong>omnis</strong></span> <span class='ocrx_word' id='word_1_93' title='bbox 1320 2038 1362 2102; x_wconf 87' lang='lat' dir='ltr'><strong>ab</strong></span> <span class='ocrx_word' id='word_1_94' title='bbox 1386 2038 1452 2102; x_wconf 93' lang='lat' dir='ltr'><strong>imo</strong></span> <span class='ocrx_word' id='word_1_95' title='bbox 1475 2074 1519 2086; x_wconf 96' lang='lat'><em>-</em></span> 
     </span>
     <span class='ocr_line' id='line_1_16' title="bbox 549 2143 1402 2232; baseline 0.002 -24"><span class='ocrx_word' id='word_1_96' title='bbox 549 2143 599 2208; x_wconf 87' lang='lat' dir='ltr'><strong>cui</strong></span> <span class='ocrx_word' id='word_1_97' title='bbox 622 2165 687 2210; x_wconf 90' lang='lat' dir='ltr'><strong>non</strong></span> <span class='ocrx_word' id='word_1_98' title='bbox 712 2144 757 2210; x_wconf 89' lang='lat' dir='ltr'><strong>ire</strong></span> <span class='ocrx_word' id='word_1_99' title='bbox 780 2144 851 2210; x_wconf 86' lang='lat' dir='ltr'><strong>lacu</strong></span> <span class='ocrx_word' id='word_1_100' title='bbox 875 2145 1051 2232; x_wconf 81' lang='lat' dir='ltr'><strong>pigrosque</strong></span> <span class='ocrx_word' id='word_1_101' title='bbox 1075 2145 1242 2212; x_wconf 87' lang='lat' dir='ltr'><strong>exsoluere</strong></span> <span class='ocrx_word' id='word_1_102' title='bbox 1265 2145 1402 2211; x_wconf 90' lang='lat' dir='ltr'><strong>amictus</strong></span> 
     </span>
     <span class='ocr_line' id='line_1_17' title="bbox 549 2250 1424 2338; baseline 0.001 -23"><span class='ocrx_word' id='word_1_103' title='bbox 549 2250 702 2316; x_wconf 82' lang='lat' dir='ltr'><strong>suadeat?</strong></span> <span class='ocrx_word' id='word_1_104' title='bbox 740 2252 801 2317; x_wconf 90' lang='lat' dir='ltr'><strong>hoc</strong></span> <span class='ocrx_word' id='word_1_105' title='bbox 824 2252 936 2318; x_wconf 85' lang='lat' dir='ltr'><strong>mallet</strong></span> <span class='ocrx_word' id='word_1_106' title='bbox 958 2253 1046 2318; x_wconf 86' lang='lat' dir='ltr'><strong>nasci</strong></span> <span class='ocrx_word' id='word_1_107' title='bbox 1071 2252 1230 2338; x_wconf 81' lang='lat' dir='ltr'><strong>Cytherea</strong></span> <span class='ocrx_word' id='word_1_108' title='bbox 1253 2252 1424 2338; x_wconf 80' lang='lat' dir='ltr'><strong>profundo,</strong></span> 
     </span>
     <span class='ocr_line' id='line_1_18' title="bbox 547 2358 1381 2447; baseline 0.002 -23"><span class='ocrx_word' id='word_1_109' title='bbox 547 2358 601 2424; x_wconf 88' lang='lat' dir='ltr'><strong>hie</strong></span> <span class='ocrx_word' id='word_1_110' title='bbox 624 2363 656 2424; x_wconf 88' lang='lat' dir='ltr'><strong>te</strong></span> <span class='ocrx_word' id='word_1_111' title='bbox 680 2359 886 2445; x_wconf 88' lang='lat' dir='ltr'><strong>perspicuum</strong></span> <span class='ocrx_word' id='word_1_112' title='bbox 909 2359 1038 2447; x_wconf 89' lang='lat' dir='ltr'><strong>melius,</strong></span> <span class='ocrx_word' id='word_1_113' title='bbox 1060 2359 1224 2447; x_wconf 80' lang='lat' dir='ltr'><strong>Narcisse,</strong></span> <span class='ocrx_word' id='word_1_114' title='bbox 1247 2359 1381 2446; x_wconf 82' lang='lat' dir='ltr'><strong>uideres,</strong></span> 
     </span>
    </p>

    <p class='ocr_par' dir='ltr' id='par_1_6' title="bbox 548 2465 1334 2551">
     <span class='ocr_line' id='line_1_19' title="bbox 548 2465 1334 2551; baseline 0.004 -22"><span class='ocrx_word' id='word_1_115' title='bbox 548 2465 601 2530; x_wconf 92' lang='lat' dir='ltr'><strong>hic</strong></span> <span class='ocrx_word' id='word_1_116' title='bbox 624 2466 721 2532; x_wconf 83' lang='lat' dir='ltr'><strong>uelox</strong></span> <span class='ocrx_word' id='word_1_117' title='bbox 743 2465 864 2531; x_wconf 89' lang='lat' dir='ltr'><strong>Hecate</strong></span> <span class='ocrx_word' id='word_1_118' title='bbox 888 2466 970 2532; x_wconf 92' lang='lat' dir='ltr'><strong>uelit</strong></span> <span class='ocrx_word' id='word_1_119' title='bbox 993 2472 1025 2531; x_wconf 91' lang='lat' dir='ltr'><strong>et</strong></span> <span class='ocrx_word' id='word_1_120' title='bbox 1048 2466 1206 2551; x_wconf 88' lang='lat' dir='ltr'><strong>deprensa</strong></span> <span class='ocrx_word' id='word_1_121' title='bbox 1223 2467 1334 2532; x_wconf 85' lang='lat' dir='ltr'><strong>lauari.</strong></span> 
     </span>
    </p>

    <p class='ocr_par' dir='ltr' id='par_1_7' title="bbox 547 2573 1467 2770">
     <span class='ocr_line' id='line_1_20' title="bbox 549 2573 1467 2658; baseline 0.001 -21"><span class='ocrx_word' id='word_1_122' title='bbox 549 2573 626 2658; x_wconf 92' lang='lat' dir='ltr'><strong>quid</strong></span> <span class='ocrx_word' id='word_1_123' title='bbox 649 2596 734 2640; x_wconf 89' lang='lat' dir='ltr'><strong>nunc</strong></span> <span class='ocrx_word' id='word_1_124' title='bbox 757 2577 859 2640; x_wconf 87' lang='lat' dir='ltr'><strong>strata</strong></span> <span class='ocrx_word' id='word_1_125' title='bbox 882 2575 951 2640; x_wconf 89' lang='lat' dir='ltr'><strong>solo</strong></span> <span class='ocrx_word' id='word_1_126' title='bbox 975 2574 1111 2640; x_wconf 85' lang='lat' dir='ltr'><strong>referam</strong></span> <span class='ocrx_word' id='word_1_127' title='bbox 1134 2575 1282 2639; x_wconf 84' lang='lat' dir='ltr'><strong>tabulata</strong></span> <span class='ocrx_word' id='word_1_128' title='bbox 1305 2573 1467 2658; x_wconf 88' lang='lat' dir='ltr'><strong>crepantis</strong></span> 
     </span>
     <span class='ocr_line' id='line_1_21' title="bbox 547 2680 1344 2770; baseline 0.003 -26"><span class='ocrx_word' id='word_1_129' title='bbox 547 2680 696 2746; x_wconf 84' lang='lat' dir='ltr'><strong>auditura</strong></span> <span class='ocrx_word' id='word_1_130' title='bbox 719 2681 816 2766; x_wconf 81' lang='lat' dir='ltr'><strong>pilas,</strong></span> <span class='ocrx_word' id='word_1_131' title='bbox 840 2681 896 2747; x_wconf 92' lang='lat' dir='ltr'><strong>ubi</strong></span> <span class='ocrx_word' id='word_1_132' title='bbox 919 2681 1093 2768; x_wconf 80' lang='lat' dir='ltr'><strong>languidus</strong></span> <span class='ocrx_word' id='word_1_133' title='bbox 1115 2681 1201 2770; x_wconf 87' lang='lat' dir='ltr'><strong>ignis</strong></span> <span class='ocrx_word' id='word_1_134' title='bbox 1224 2682 1344 2747; x_wconf 88' lang='lat' dir='ltr'><strong>inerrat</strong></span> 
     </span>
    </p>
   </div>
   <div class='ocr_carea' id='block_1_3' title="bbox 544 2787 1471 3308">
    <p class='ocr_par' dir='ltr' id='par_1_8' title="bbox 544 2787 1471 3308">
     <span class='ocr_line' id='line_1_22' title="bbox 547 2787 1471 2881; baseline 0 -28"><span class='ocrx_word' id='word_1_135' title='bbox 547 2787 678 2854; x_wconf 88' lang='lat' dir='ltr'><strong>sedibus</strong></span> <span class='ocrx_word' id='word_1_136' title='bbox 701 2794 734 2881; x_wconf 73' lang='lat' dir='ltr'><strong>et</strong></span> <span class='ocrx_word' id='word_1_137' title='bbox 756 2793 887 2854; x_wconf 89' lang='lat' dir='ltr'><strong>tenuem</strong></span> <span class='ocrx_word' id='word_1_138' title='bbox 910 2789 1049 2855; x_wconf 90' lang='lat' dir='ltr'><strong>uoluunt</strong></span> <span class='ocrx_word' id='word_1_139' title='bbox 1071 2790 1273 2875; x_wconf 79' lang='lat' dir='ltr'><strong>hypocausta</strong></span> <span class='ocrx_word' id='word_1_140' title='bbox 1295 2789 1471 2875; x_wconf 82' lang='lat' dir='ltr'><strong>uaporem?</strong></span> 
     </span>
     <span class='ocr_line' id='line_1_23' title="bbox 545 2895 1374 2982; baseline 0.002 -22"><span class='ocrx_word' id='word_1_141' title='bbox 545 2917 604 2961; x_wconf 91' lang='lat' dir='ltr'><strong>nec</strong></span> <span class='ocrx_word' id='word_1_142' title='bbox 626 2896 654 2961; x_wconf 92' lang='lat' dir='ltr'><strong>si</strong></span> <span class='ocrx_word' id='word_1_143' title='bbox 677 2895 807 2962; x_wconf 83' lang='lat' dir='ltr'><strong>Baianis</strong></span> <span class='ocrx_word' id='word_1_144' title='bbox 830 2897 939 2962; x_wconf 86' lang='lat' dir='ltr'><strong>ueniat</strong></span> <span class='ocrx_word' id='word_1_145' title='bbox 962 2919 1067 2963; x_wconf 88' lang='lat' dir='ltr'><strong>nouus</strong></span> <span class='ocrx_word' id='word_1_146' title='bbox 1090 2897 1211 2982; x_wconf 85' lang='lat' dir='ltr'><strong>hospes</strong></span> <span class='ocrx_word' id='word_1_147' title='bbox 1233 2897 1275 2963; x_wconf 84' lang='lat' dir='ltr'><strong>ab</strong></span> <span class='ocrx_word' id='word_1_148' title='bbox 1301 2897 1374 2982; x_wconf 86' lang='lat' dir='ltr'><strong>oris,</strong></span> 
     </span>
     <span class='ocr_line' id='line_1_24' title="bbox 545 3003 1372 3091; baseline 0 -23"><span class='ocrx_word' id='word_1_149' title='bbox 545 3004 623 3068; x_wconf 83' lang='lat' dir='ltr'><strong>talia</strong></span> <span class='ocrx_word' id='word_1_150' title='bbox 646 3003 801 3088; x_wconf 83' lang='lat' dir='ltr'><strong>despiciet</strong></span> <span class='ocrx_word' id='word_1_151' title='bbox 823 3042 867 3051; x_wconf 93' lang='lat'>—</span> <span class='ocrx_word' id='word_1_152' title='bbox 890 3004 940 3069; x_wconf 87' lang='lat' dir='ltr'><strong>fas</strong></span> <span class='ocrx_word' id='word_1_153' title='bbox 963 3005 1007 3070; x_wconf 85' lang='lat' dir='ltr'><strong>sit</strong></span> <span class='ocrx_word' id='word_1_154' title='bbox 1030 3025 1223 3089; x_wconf 86' lang='lat' dir='ltr'><strong>componere</strong></span> <span class='ocrx_word' id='word_1_155' title='bbox 1246 3004 1372 3091; x_wconf 83' lang='lat' dir='ltr'><strong>magnis</strong></span> 
     </span>
     <span class='ocr_line' id='line_1_25' title="bbox 544 3110 1448 3197; baseline -0.001 -22"><span class='ocrx_word' id='word_1_156' title='bbox 544 3133 645 3196; x_wconf 85' lang='lat' dir='ltr'><strong>parua</strong></span> <span class='ocrx_word' id='word_1_157' title='bbox 669 3149 710 3158; x_wconf 91' lang='lat'>—</span> <span class='ocrx_word' id='word_1_158' title='bbox 733 3110 883 3178; x_wconf 80' lang='lat' dir='ltr'><strong>Nerones</strong></span> <span class='ocrx_word' id='word_1_159' title='bbox 906 3134 965 3178; x_wconf 88' lang='lat' dir='ltr'><strong>neo</strong></span> <span class='ocrx_word' id='word_1_160' title='bbox 988 3111 1043 3196; x_wconf 91' lang='lat' dir='ltr'><strong>qui</strong></span> <span class='ocrx_word' id='word_1_161' title='bbox 1066 3111 1163 3178; x_wconf 91' lang='lat' dir='ltr'><strong>modo</strong></span> <span class='ocrx_word' id='word_1_162' title='bbox 1186 3112 1274 3178; x_wconf 87' lang='lat' dir='ltr'><strong>lotus</strong></span> <span class='ocrx_word' id='word_1_163' title='bbox 1297 3111 1331 3175; x_wconf 89' lang='lat' dir='ltr'><strong>in</strong></span> <span class='ocrx_word' id='word_1_164' title='bbox 1355 3110 1448 3197; x_wconf 85' lang='lat' dir='ltr'><strong>unda,</strong></span> 
     </span>
     <span class='ocr_line' id='line_1_26' title="bbox 545 3219 1007 3308; baseline 0.002 -24"><span class='ocrx_word' id='word_1_165' title='bbox 545 3219 599 3284; x_wconf 93' lang='lat' dir='ltr'><strong>hic</strong></span> <span class='ocrx_word' id='word_1_166' title='bbox 621 3219 739 3285; x_wconf 89' lang='lat' dir='ltr'><strong>iterum</strong></span> <span class='ocrx_word' id='word_1_167' title='bbox 762 3219 877 3286; x_wconf 88' lang='lat' dir='ltr'><strong>sudare</strong></span> <span class='ocrx_word' id='word_1_168' title='bbox 900 3224 1007 3308; x_wconf 85' lang='lat' dir='ltr'><strong>neget.</strong></span> 
     </span>
    </p>
   </div>
   <div class='ocr_carea' id='block_1_4' title="bbox 544 3326 1663 3608">
    <p class='ocr_par' dir='ltr' id='par_1_9' title="bbox 544 3326 1663 3608">
     <span class='ocr_line' id='line_1_27' title="bbox 1063 3326 1413 3412; baseline -0.006 -19"><span class='ocrx_word' id='word_1_169' title='bbox 1063 3333 1181 3412; x_wconf 86' lang='lat' dir='ltr'><strong>macte,</strong></span> <span class='ocrx_word' id='word_1_170' title='bbox 1204 3350 1275 3412; x_wconf 86' lang='lat' dir='ltr'><strong>oro,</strong></span> <span class='ocrx_word' id='word_1_171' title='bbox 1298 3326 1413 3392; x_wconf 86' lang='lat' dir='ltr'><strong>nitent&#39;</strong></span> 
     </span>
     <span class='ocr_line' id='line_1_28' title="bbox 544 3433 1375 3522; baseline -0.004 -23"><span class='ocrx_word' id='word_1_172' title='bbox 544 3433 675 3522; x_wconf 81' lang='lat' dir='ltr'><strong>ingenio</strong></span> <span class='ocrx_word' id='word_1_173' title='bbox 699 3456 838 3520; x_wconf 85' lang='lat' dir='ltr'><strong>curaque</strong></span> <span class='ocrx_word' id='word_1_174' title='bbox 862 3437 956 3520; x_wconf 88' lang='lat' dir='ltr'><strong>puer!</strong></span> <span class='ocrx_word' id='word_1_175' title='bbox 992 3439 1099 3500; x_wconf 90' lang='lat' dir='ltr'><strong>tecum</strong></span> <span class='ocrx_word' id='word_1_176' title='bbox 1122 3434 1185 3499; x_wconf 85' lang='lat' dir='ltr'><strong>ista</strong></span> <span class='ocrx_word' id='word_1_177' title='bbox 1207 3436 1375 3498; x_wconf 85' lang='lat' dir='ltr'><strong>senescant</strong></span> 
     </span>
     <span class='ocr_line' id='line_1_29' title="bbox 544 3540 1663 3608; baseline 0 -3"><span class='ocrx_word' id='word_1_178' title='bbox 544 3545 577 3606; x_wconf 84' lang='lat' dir='ltr'><strong>et</strong></span> <span class='ocrx_word' id='word_1_179' title='bbox 599 3546 656 3606; x_wconf 83' lang='lat' dir='ltr'><strong>tua</strong></span> <span class='ocrx_word' id='word_1_180' title='bbox 679 3541 743 3607; x_wconf 89' lang='lat' dir='ltr'><strong>iam</strong></span> <span class='ocrx_word' id='word_1_181' title='bbox 765 3541 882 3608; x_wconf 88' lang='lat' dir='ltr'><strong>melius</strong></span> <span class='ocrx_word' id='word_1_182' title='bbox 905 3541 1008 3608; x_wconf 84' lang='lat' dir='ltr'><strong>discat</strong></span> <span class='ocrx_word' id='word_1_183' title='bbox 1031 3543 1161 3607; x_wconf 76' lang='lat' dir='ltr'><strong>fortuna</strong></span> <span class='ocrx_word' id='word_1_184' title='bbox 1184 3540 1319 3607; x_wconf 87' lang='lat' dir='ltr'><strong>renascil</strong></span> <span class='ocrx_word' id='word_1_185' title='bbox 1629 3557 1663 3605; x_wconf 77' lang='lat' dir='ltr'><strong>oo</strong></span> 
     </span>
    </p>
   </div>
   <div class='ocr_carea' id='block_1_5' title="bbox 332 3695 545 3706">
    <p class='ocr_par' dir='ltr' id='par_1_10' title="bbox 332 3695 545 3706">
     <span class='ocr_line' id='line_1_30' title="bbox 332 3695 545 3706; baseline -0.005 -2"><span class='ocrx_word' id='word_1_186' title='bbox 332 3695 545 3706; x_wconf 72' lang='lat'><strong>——-.-—--</strong></span> 
     </span>
    </p>
   </div>
   <div class='ocr_carea' id='block_1_6' title="bbox 280 3787 1663 4205">
    <p class='ocr_par' dir='ltr' id='par_1_11' title="bbox 280 3787 1663 4205">
     <span class='ocr_line' id='line_1_31' title="bbox 420 3787 1663 3866; baseline -0.002 -23"><span class='ocrx_word' id='word_1_187' title='bbox 420 3795 453 3844; x_wconf 83' lang='lat'><strong>39</strong></span> <span class='ocrx_word' id='word_1_188' title='bbox 473 3805 596 3860; x_wconf 81' lang='lat' dir='ltr'><strong>quoque;</strong></span> <span class='ocrx_word' id='word_1_189' title='bbox 615 3807 682 3846; x_wconf 74' lang='lat' dir='ltr'><strong>cors.</strong></span> <span class='ocrx_word' id='word_1_190' title='bbox 699 3791 815 3847; x_wconf 80' lang='lat' dir='ltr'><strong>Vollmer</strong></span> <span class='ocrx_word' id='word_1_191' title='bbox 842 3807 953 3866; x_wconf 81' lang='lat' dir='ltr'><strong>qupque</strong></span> <span class='ocrx_word' id='word_1_192' title='bbox 968 3797 1007 3845; x_wconf 68' lang='lat' dir='ltr'><strong>§a</strong></span> <span class='ocrx_word' id='word_1_193' title='bbox 1020 3822 1056 3831; x_wconf 89' lang='lat'>-</span> <span class='ocrx_word' id='word_1_194' title='bbox 1073 3805 1199 3859; x_wconf 86' lang='lat' dir='ltr'><strong>quasque</strong></span> <span class='ocrx_word' id='word_1_195' title='bbox 1213 3787 1302 3858; x_wconf 81' lang='lat' dir='ltr'><strong>&#39;Pyros</strong></span> <span class='ocrx_word' id='word_1_196' title='bbox 1316 3805 1390 3843; x_wconf 84' lang='lat' dir='ltr'><strong>uena</strong></span> <span class='ocrx_word' id='word_1_197' title='bbox 1408 3790 1515 3842; x_wconf 84' lang='lat' dir='ltr'><strong>secate</strong></span> <span class='ocrx_word' id='word_1_198' title='bbox 1529 3787 1663 3844; x_wconf 86' lang='lat' dir='ltr'><strong>Sidonide</strong></span> 
     </span>
     <span class='ocr_line' id='line_1_32' title="bbox 334 3877 1662 3950; baseline -0.002 -17"><span class='ocrx_word' id='word_1_199' title='bbox 334 3897 416 3950; x_wconf 89' lang='lat' dir='ltr'><strong>rupes</strong></span> <span class='ocrx_word' id='word_1_200' title='bbox 431 3879 567 3936; x_wconf 72' lang='lat' dir='ltr'><strong>Halmius</strong></span> <span class='ocrx_word' id='word_1_201' title='bbox 584 3910 620 3918; x_wconf 94' lang='lat'>—</span> <span class='ocrx_word' id='word_1_202' title='bbox 638 3886 670 3933; x_wconf 87' lang='lat'><strong>41</strong></span> <span class='ocrx_word' id='word_1_203' title='bbox 692 3879 868 3948; x_wconf 66' lang='lat' dir='ltr'><strong>distinctum</strong></span> <span class='ocrx_word' id='word_1_204' title='bbox 887 3897 957 3937; x_wconf 72' lang='lat' dir='ltr'><strong>coss.</strong></span> <span class='ocrx_word' id='word_1_205' title='bbox 972 3879 1133 3936; x_wconf 73' lang='lat' dir='ltr'><strong>Politiams</strong></span> <span class='ocrx_word' id='word_1_206' title='bbox 1150 3911 1184 3920; x_wconf 95' lang='lat'><em>-</em></span> <span class='ocrx_word' id='word_1_207' title='bbox 1202 3877 1314 3946; x_wconf 81' lang='lat' dir='ltr'><strong>limina3</strong></span> <span class='ocrx_word' id='word_1_208' title='bbox 1333 3877 1473 3932; x_wconf 73' lang='lat' dir='ltr'><strong>luminas&#39;</strong></span> <span class='ocrx_word' id='word_1_209' title='bbox 1495 3909 1527 3918; x_wconf 89' lang='lat'><strong>—-</strong></span> <span class='ocrx_word' id='word_1_210' title='bbox 1547 3883 1581 3931; x_wconf 82' lang='grc'><strong>43</strong></span> <span class='ocrx_word' id='word_1_211' title='bbox 1601 3877 1662 3932; x_wconf 86' lang='lat' dir='ltr'><strong>ani-</strong></span> 
     </span>
     <span class='ocr_line' id='line_1_33' title="bbox 280 3969 1663 4042; baseline -0.001 -20"><span class='ocrx_word' id='word_1_212' title='bbox 280 4035 284 4042; x_wconf 36' lang='lat'>·</span> <span class='ocrx_word' id='word_1_213' title='bbox 330 3985 446 4038; x_wconf 86' lang='lat' dir='ltr'><strong>mosque</strong></span> <span class='ocrx_word' id='word_1_214' title='bbox 465 3969 608 4024; x_wconf 80' lang='lat' dir='ltr'><strong>Domitius</strong></span> <span class='ocrx_word' id='word_1_215' title='bbox 635 3969 762 4024; x_wconf 87' lang='lat' dir='ltr'><strong>animosa</strong></span> <span class='ocrx_word' id='word_1_216' title='bbox 777 3969 911 4026; x_wconf 79' lang='lat' dir='ltr'><strong>Heinsius</strong></span> <span class='ocrx_word' id='word_1_217' title='bbox 938 3969 1067 4023; x_wconf 86' lang='lat' dir='ltr'><strong>animata</strong></span> <span class='ocrx_word' id='word_1_218' title='bbox 1080 3969 1267 4025; x_wconf 77' lang='lat' dir='ltr'><strong>Marklandue</strong></span> <span class='ocrx_word' id='word_1_219' title='bbox 1284 4000 1319 4008; x_wconf 89' lang='lat'>—</span> <span class='ocrx_word' id='word_1_220' title='bbox 1337 3972 1372 4022; x_wconf 81' lang='grc'><strong>47</strong></span> <span class='ocrx_word' id='word_1_221' title='bbox 1391 3970 1545 4035; x_wconf 76' lang='lat' dir='ltr'><strong>teumessa3</strong></span> <span class='ocrx_word' id='word_1_222' title='bbox 1562 3984 1631 4022; x_wconf 72' lang='lat' dir='ltr'><strong>corr.</strong></span> <span class='ocrx_word' id='word_1_223' title='bbox 1646 3986 1663 4020; x_wconf 75' lang='lat' dir='ltr'><strong>a</strong></span> 
     </span>
     <span class='ocr_line' id='line_1_34' title="bbox 331 4054 1663 4129; baseline -0.003 -16"><span class='ocrx_word' id='word_1_224' title='bbox 331 4089 365 4100; x_wconf 87' lang='lat'><em>-</em></span> <span class='ocrx_word' id='word_1_225' title='bbox 385 4065 418 4113; x_wconf 78' lang='lat'><strong>52</strong></span> <span class='ocrx_word' id='word_1_226' title='bbox 434 4058 464 4112; x_wconf 90' lang='lat' dir='ltr'><strong>in</strong></span> <span class='ocrx_word' id='word_1_227' title='bbox 482 4057 600 4112; x_wconf 86' lang='lat' dir='ltr'><strong>fundum</strong></span> <span class='ocrx_word' id='word_1_228' title='bbox 620 4076 740 4127; x_wconf 87' lang='lat' dir='ltr'><strong>summo;</strong></span> <span class='ocrx_word' id='word_1_229' title='bbox 760 4075 828 4115; x_wconf 75' lang='lat' dir='ltr'><strong>corr.</strong></span> <span class='ocrx_word' id='word_1_230' title='bbox 849 4065 866 4114; x_wconf 77' lang='grc' dir='ltr'>ς</span> <span class='ocrx_word' id='word_1_231' title='bbox 891 4089 924 4099; x_wconf 91' lang='grc'>-</span> <span class='ocrx_word' id='word_1_232' title='bbox 949 4066 980 4113; x_wconf 98' lang='grc'><strong>61</strong></span> <span class='ocrx_word' id='word_1_233' title='bbox 1002 4058 1147 4129; x_wconf 79' lang='lat' dir='ltr'><strong>dispiciet3</strong></span> <span class='ocrx_word' id='word_1_234' title='bbox 1167 4057 1342 4129; x_wconf 58' lang='lat' dir='ltr'><strong>despiciat&amp;</strong></span> <span class='ocrx_word' id='word_1_235' title='bbox 1370 4089 1403 4098; x_wconf 95' lang='lat'><em>-</em></span> <span class='ocrx_word' id='word_1_236' title='bbox 1431 4063 1465 4111; x_wconf 85' lang='grc'><strong>66</strong></span> <span class='ocrx_word' id='word_1_237' title='bbox 1484 4056 1542 4110; x_wconf 85' lang='lat' dir='ltr'><strong>iam</strong></span> <span class='ocrx_word' id='word_1_238' title='bbox 1564 4054 1663 4110; x_wconf 91' lang='lat' dir='ltr'><strong>melior</strong></span> 
     </span>
     <span class='ocr_line' id='line_1_35' title="bbox 331 4147 988 4205; baseline 0.002 -1"><span class='ocrx_word' id='word_1_239' title='bbox 331 4151 474 4205; x_wconf 74' lang='lat' dir='ltr'><strong>Acontius</strong></span> <span class='ocrx_word' id='word_1_240' title='bbox 505 4147 563 4202; x_wconf 85' lang='lat' dir='ltr'><strong>iam</strong></span> <span class='ocrx_word' id='word_1_241' title='bbox 582 4147 611 4202; x_wconf 90' lang='lat' dir='ltr'><strong>in</strong></span> <span class='ocrx_word' id='word_1_242' title='bbox 630 4148 730 4203; x_wconf 87' lang='lat' dir='ltr'><strong>melius</strong></span> <span class='ocrx_word' id='word_1_243' title='bbox 750 4149 936 4205; x_wconf 75' lang='lat' dir='ltr'><strong>Marklacdua</strong></span> <span class='ocrx_word' id='word_1_244' title='bbox 954 4179 988 4188; x_wconf 94' lang='lat'>-</span> 
     </span>
    </p>
   </div>
   <div class='ocr_carea' id='block_1_7' title="bbox 329 4377 1663 4882">
    <p class='ocr_par' dir='ltr' id='par_1_12' title="bbox 329 4377 1663 4882">
     <span class='ocr_line' id='line_1_36' title="bbox 419 4377 1663 4452; baseline -0.004 -15"><span class='ocrx_word' id='word_1_245' title='bbox 419 4388 453 4437; x_wconf 91' lang='lat'><strong>44</strong></span> <span class='ocrx_word' id='word_1_246' title='bbox 472 4379 560 4438; x_wconf 86' lang='lat' dir='ltr'><strong>Theb.</strong></span> <span class='ocrx_word' id='word_1_247' title='bbox 575 4380 626 4435; x_wconf 87' lang='lat' dir='ltr'><strong>VH</strong></span> <span class='ocrx_word' id='word_1_248' title='bbox 641 4386 692 4435; x_wconf 77' lang='lat'><strong>202</strong></span> <span class='ocrx_word' id='word_1_249' title='bbox 711 4399 790 4436; x_wconf 80' lang='lat' dir='ltr'><strong>rarus</strong></span> <span class='ocrx_word' id='word_1_250' title='bbox 810 4423 860 4437; x_wconf 93' lang='lat'><strong>...</strong></span> <span class='ocrx_word' id='word_1_251' title='bbox 880 4381 1000 4452; x_wconf 89' lang='lat' dir='ltr'><strong>imperet</strong></span> <span class='ocrx_word' id='word_1_252' title='bbox 1017 4380 1092 4450; x_wconf 79' lang='lat' dir='ltr'><strong>ignis</strong></span> <span class='ocrx_word' id='word_1_253' title='bbox 1118 4412 1151 4422; x_wconf 97' lang='lat'>-</span> <span class='ocrx_word' id='word_1_254' title='bbox 1180 4387 1214 4436; x_wconf 80' lang='lat'><strong>52</strong></span> <span class='ocrx_word' id='word_1_255' title='bbox 1233 4382 1268 4449; x_wconf 75' lang='lat' dir='ltr'><strong>cs.</strong></span> <span class='ocrx_word' id='word_1_256' title='bbox 1287 4381 1325 4436; x_wconf 82' lang='lat' dir='ltr'><strong>ad</strong></span> <span class='ocrx_word' id='word_1_257' title='bbox 1343 4380 1394 4435; x_wconf 79' lang='lat'><strong>12.</strong></span> <span class='ocrx_word' id='word_1_258' title='bbox 1416 4385 1466 4435; x_wconf 80' lang='grc'><strong>166</strong></span> <span class='ocrx_word' id='word_1_259' title='bbox 1485 4409 1521 4421; x_wconf 89' lang='grc'>-</span> <span class='ocrx_word' id='word_1_260' title='bbox 1539 4384 1573 4434; x_wconf 77' lang='grc'><strong>61</strong></span> <span class='ocrx_word' id='word_1_261' title='bbox 1592 4377 1663 4448; x_wconf 90' lang='lat' dir='ltr'><strong>quid</strong></span> 
     </span>
     <span class='ocr_line' id='line_1_37' title="bbox 330 4469 1661 4538; baseline -0.002 -12"><span class='ocrx_word' id='word_1_262' title='bbox 330 4471 520 4527; x_wconf 80' lang='lat' dir='ltr'><strong>.‚.referam</strong></span> <span class='ocrx_word' id='word_1_263' title='bbox 539 4471 573 4538; x_wconf 76' lang='lat' dir='ltr'><strong>cs.</strong></span> <span class='ocrx_word' id='word_1_264' title='bbox 593 4471 809 4526; x_wconf 64' lang='grc'><strong>661666-</strong></span> <span class='ocrx_word' id='word_1_265' title='bbox 830 4476 863 4525; x_wconf 79' lang='grc'><strong>69</strong></span> <span class='ocrx_word' id='word_1_266' title='bbox 882 4472 985 4525; x_wconf 76' lang='lat' dir='ltr'><strong>huson.</strong></span> <span class='ocrx_word' id='word_1_267' title='bbox 1005 4470 1075 4526; x_wconf 83' lang='lat' dir='ltr'><strong>Mos.</strong></span> <span class='ocrx_word' id='word_1_268' title='bbox 1094 4475 1147 4523; x_wconf 83' lang='grc'><strong>369</strong></span> <span class='ocrx_word' id='word_1_269' title='bbox 1165 4469 1304 4524; x_wconf 83' lang='lat' dir='ltr'><strong>Mulciber</strong></span> <span class='ocrx_word' id='word_1_270' title='bbox 1323 4515 1329 4525; x_wconf 90' lang='lat'><strong>.</strong></span> <span class='ocrx_word' id='word_1_271' title='bbox 1345 4513 1351 4525; x_wconf 89' lang='lat'><strong>.</strong></span> <span class='ocrx_word' id='word_1_272' title='bbox 1367 4513 1373 4524; x_wconf 87' lang='lat'><em>.</em></span> <span class='ocrx_word' id='word_1_273' title='bbox 1392 4469 1485 4524; x_wconf 90' lang='lat' dir='ltr'><strong>uoluit</strong></span> <span class='ocrx_word' id='word_1_274' title='bbox 1503 4513 1510 4524; x_wconf 93' lang='grc'><strong>.</strong></span> <span class='ocrx_word' id='word_1_275' title='bbox 1525 4512 1554 4526; x_wconf 93' lang='grc'><strong>..</strong></span> <span class='ocrx_word' id='word_1_276' title='bbox 1574 4472 1661 4524; x_wconf 83' lang='lat' dir='ltr'><strong>tecto·</strong></span> 
     </span>
     <span class='ocr_line' id='line_1_38' title="bbox 329 4557 1661 4632; baseline 0 -19"><span class='ocrx_word' id='word_1_277' title='bbox 329 4560 372 4614; x_wconf 86' lang='lat' dir='ltr'><strong>ria</strong></span> <span class='ocrx_word' id='word_1_278' title='bbox 385 4577 436 4632; x_wconf 85' lang='lat' dir='ltr'><strong>per</strong></span> <span class='ocrx_word' id='word_1_279' title='bbox 449 4576 521 4616; x_wconf 83' lang='lat' dir='ltr'><strong>caua</strong></span> <span class='ocrx_word' id='word_1_280' title='bbox 535 4559 662 4614; x_wconf 85' lang='lat' dir='ltr'><strong>flammas</strong></span> <span class='ocrx_word' id='word_1_281' title='bbox 690 4559 784 4616; x_wconf 83' lang='lat' dir='ltr'><strong>Sidon.</strong></span> <span class='ocrx_word' id='word_1_282' title='bbox 800 4559 829 4616; x_wconf 83' lang='lat' dir='ltr'><strong>C.</strong></span> <span class='ocrx_word' id='word_1_283' title='bbox 844 4557 922 4614; x_wconf 82' lang='lat' dir='ltr'>XXII</span> <span class='ocrx_word' id='word_1_284' title='bbox 937 4564 986 4613; x_wconf 80' lang='grc'><strong>191</strong></span> <span class='ocrx_word' id='word_1_285' title='bbox 1008 4559 1117 4631; x_wconf 77' lang='lat' dir='ltr'><strong>spargit</strong></span> <span class='ocrx_word' id='word_1_286' title='bbox 1130 4557 1270 4614; x_wconf 85' lang='lat' dir='ltr'><strong>lentatum</strong></span> <span class='ocrx_word' id='word_1_287' title='bbox 1287 4576 1338 4630; x_wconf 85' lang='lat' dir='ltr'><strong>per</strong></span> <span class='ocrx_word' id='word_1_288' title='bbox 1351 4558 1475 4613; x_wconf 89' lang='lat' dir='ltr'><strong>eulmina</strong></span> <span class='ocrx_word' id='word_1_289' title='bbox 1493 4561 1555 4614; x_wconf 85' lang='lat' dir='ltr'><strong>tota</strong></span> <span class='ocrx_word' id='word_1_290' title='bbox 1573 4575 1661 4628; x_wconf 87' lang='lat' dir='ltr'><strong>uapo-</strong></span> 
     </span>
     <span class='ocr_line' id='line_1_39' title="bbox 329 4647 1660 4720; baseline 0.001 -18"><span class='ocrx_word' id='word_1_291' title='bbox 329 4667 387 4704; x_wconf 87' lang='lat' dir='ltr'><strong>rem</strong></span> <span class='ocrx_word' id='word_1_292' title='bbox 402 4681 436 4691; x_wconf 92' lang='lat'>-</span> <span class='ocrx_word' id='word_1_293' title='bbox 454 4655 488 4703; x_wconf 87' lang='grc'><strong>60</strong></span> <span class='ocrx_word' id='word_1_294' title='bbox 504 4651 607 4702; x_wconf 79' lang='lat' dir='ltr'><strong>huson.</strong></span> <span class='ocrx_word' id='word_1_295' title='bbox 621 4648 690 4704; x_wconf 85' lang='lat' dir='ltr'><strong>Mos.</strong></span> <span class='ocrx_word' id='word_1_296' title='bbox 702 4653 753 4704; x_wconf 81' lang='lat'><strong>345</strong></span> <span class='ocrx_word' id='word_1_297' title='bbox 772 4649 848 4718; x_wconf 90' lang='lat' dir='ltr'><strong>quod</strong></span> <span class='ocrx_word' id='word_1_298' title='bbox 863 4649 887 4702; x_wconf 90' lang='lat' dir='ltr'><strong>si</strong></span> <span class='ocrx_word' id='word_1_299' title='bbox 901 4647 1034 4704; x_wconf 83' lang='lat' dir='ltr'><strong>Cumanis</strong></span> <span class='ocrx_word' id='word_1_300' title='bbox 1047 4647 1102 4702; x_wconf 90' lang='lat' dir='ltr'><strong>huc</strong></span> <span class='ocrx_word' id='word_1_301' title='bbox 1117 4647 1228 4703; x_wconf 78' lang='lat' dir='ltr'><strong>adforet</strong></span> <span class='ocrx_word' id='word_1_302' title='bbox 1241 4648 1342 4719; x_wconf 78' lang='lat' dir='ltr'><strong>hospes</strong></span> <span class='ocrx_word' id='word_1_303' title='bbox 1356 4648 1394 4702; x_wconf 89' lang='lat' dir='ltr'><strong>ab</strong></span> <span class='ocrx_word' id='word_1_304' title='bbox 1408 4648 1464 4702; x_wconf 85' lang='lat' dir='ltr'><strong>oris</strong></span> <span class='ocrx_word' id='word_1_305' title='bbox 1478 4681 1512 4689; x_wconf 96' lang='lat'>—</span> <span class='ocrx_word' id='word_1_306' title='bbox 1528 4654 1560 4703; x_wconf 91' lang='grc'><strong>61</strong></span> <span class='ocrx_word' id='word_1_307' title='bbox 1576 4648 1660 4720; x_wconf 83' lang='lat' dir='ltr'><strong>Verg.</strong></span> 
     </span>
     <span class='ocr_line' id='line_1_40' title="bbox 329 4736 1661 4810; baseline -0.001 -18"><span class='ocrx_word' id='word_1_308' title='bbox 329 4737 360 4794; x_wconf 85' lang='lat' dir='ltr'><strong>G.</strong></span> <span class='ocrx_word' id='word_1_309' title='bbox 376 4738 414 4792; x_wconf 86' lang='lat' dir='ltr'><strong>IV</strong></span> <span class='ocrx_word' id='word_1_310' title='bbox 430 4745 480 4793; x_wconf 78' lang='grc'><strong>176</strong></span> <span class='ocrx_word' id='word_1_311' title='bbox 499 4739 523 4792; x_wconf 91' lang='lat' dir='ltr'><strong>si</strong></span> <span class='ocrx_word' id='word_1_312' title='bbox 541 4753 630 4810; x_wconf 83' lang='lat' dir='ltr'><strong>parua</strong></span> <span class='ocrx_word' id='word_1_313' title='bbox 649 4736 716 4792; x_wconf 90' lang='lat' dir='ltr'><strong>licet</strong></span> <span class='ocrx_word' id='word_1_314' title='bbox 735 4753 901 4808; x_wconf 87' lang='lat' dir='ltr'><strong>componere</strong></span> <span class='ocrx_word' id='word_1_315' title='bbox 919 4736 1179 4808; x_wconf 78' lang='lat' dir='ltr'><strong>magnisEcl.123</strong></span> <span class='ocrx_word' id='word_1_316' title='bbox 1199 4737 1239 4792; x_wconf 89' lang='lat' dir='ltr'><strong>sie</strong></span> <span class='ocrx_word' id='word_1_317' title='bbox 1257 4737 1353 4808; x_wconf 81' lang='lat' dir='ltr'><strong>paruis</strong></span> <span class='ocrx_word' id='word_1_318' title='bbox 1372 4753 1537 4808; x_wconf 87' lang='lat' dir='ltr'><strong>componere</strong></span> <span class='ocrx_word' id='word_1_319' title='bbox 1554 4754 1661 4808; x_wconf 76' lang='lat' dir='ltr'><strong>magua</strong></span> 
     </span>
     <span class='ocr_line' id='line_1_41' title="bbox 329 4827 506 4882; baseline 0.011 -2"><span class='ocrx_word' id='word_1_320' title='bbox 329 4827 453 4882; x_wconf 89' lang='lat' dir='ltr'><strong>solebam</strong></span> <span class='ocrx_word' id='word_1_321' title='bbox 474 4859 506 4868; x_wconf 96' lang='lat'>-</span> 
     </span>
    </p>
   </div>
   <div class='ocr_carea' id='block_1_8' title="bbox 0 0 1892 5567">
    <p class='ocr_par' dir='ltr' id='par_1_13' title="bbox 0 0 1892 5567">
     <span class='ocr_line' id='line_1_42' title="bbox 0 0 1892 5567; baseline 0 6"><span class='ocrx_word' id='word_1_322' title='bbox 0 0 1892 5567; x_wconf 95' lang='lat' dir='ltr'><strong> </strong></span> 
     </span>
    </p>
   </div>
  </div>
 </body>
</html>
