3775 5567
853 481 883 538 P.
902 482 1040 538 PAPINII
1057 483 1176 540 sunm

648 645 682 710 hi
706 647 839 730 panaris
861 647 1076 734 candidasque
1098 671 1235 734 meppss

647 753 842 820 subuectant
864 755 1040 841 epulasque
1062 755 1230 844 lautiores,

646 859 694 924 illi
717 861 858 926 meroide
880 862 958 928 uine
979 862 1176 949 largiuntur:

645 965 758 1034 Idaeos
780 969 916 1034 totidem
939 974 1036 1054 putes
1059 969 1233 1037 ministros.

645 1076 771 1163 orbem,
794 1099 858 1162 qus
881 1077 996 1142 melior
1017 1077 1223 1162 seueriorque
1246 1084 1305 1165 est,

644 1188 677 1248 et
700 1188 814 1270 gentes
837 1183 897 1250 alis
920 1183 1055 1248 insemel
1078 1188 1207 1272 togstss

643 1293 676 1354 et
699 1312 772 1356 oum
795 1296 846 1357 tot
869 1291 1010 1376 populos
1032 1291 1129 1356 besta
1151 1315 1273 1379 pasces,

642 1397 727 1464 huno
749 1397 889 1465 Annona
912 1399 997 1464 diem
1020 1399 1162 1484 superbe
1184 1401 1295 1466 nescit.
1342 1473 1346 1478 ,

642 1505 652 1569 i
675 1529 761 1572 nuno
785 1507 912 1572 saecule
934 1529 1098 1593 eompsrs,
1121 1507 1286 1594 Vetustss

640 1613 766 1698 antiqui
790 1613 877 1681 Iouis
900 1636 1096 1700 sursumque
1119 1617 1264 1700 tempus:

639 1743 705 1785 non
729 1721 774 1786 sic
797 1721 901 1788 libers
924 1722 1001 1786 uine
1024 1725 1102 1786 tuno
1124 1721 1270 1788 fluebant

638 1850 697 1894 nee
720 1829 848 1894 tardum
872 1851 965 1917 seges
988 1828 1170 1913 oooupsbst
1192 1852 1320 1895 annum.

607 1921 609 1924 ⁵
638 1958 702 2000 uns
724 1937 867 2002 uescitur
889 1936 995 2003 omnis
1018 1937 1096 2002 ordo
1119 1957 1243 2003 mensa:

637 2043 744 2129 parui,
768 2044 901 2132 femine,
924 2043 1020 2129 plebs
1043 2065 1142 2130 eques
1164 2048 1308 2131 senstus;

636 2150 772 2216 libertas
795 2150 1011 2217 reuerentiam
1033 2150 1168 2217 remisit.

636 2262 670 2322 et
692 2262 729 2322 tu
753 2258 953 2346 quinetiam
977 2297 1020 2306 -
1044 2257 1117 2346 quis
1138 2257 1202 2323 hoe
1226 2281 1350 2340 uocare,

611 2407 614 2413 -
637 2365 710 2451 quis
732 2367 923 2451 promittere
947 2366 1052 2452 possit
1074 2365 1136 2430 hoc
1159 2366 1315 2432 deorum?
1338 2405 1382 2415 -

634 2471 804 2540 nobiseum
827 2474 929 2540 sooiss
953 2473 1053 2560 dapes
1076 2471 1176 2538 inisti.

636 2580 700 2645 ism
723 2603 771 2668 se,
794 2579 941 2667 quisquis
965 2580 993 2645 is
1017 2584 1079 2664 est,
1101 2579 1197 2665 inops
1220 2579 1335 2646 beatus

637 2687 808 2754 conuiusm
831 2689 921 2754 ducis
944 2710 1014 2754 esse
1037 2687 1205 2775 gloriatur.

721 2795 782 2862 hos
805 2795 890 2862 inter
912 2795 1061 2861 fremitus
1083 2816 1250 2881 nouosque
1272 2795 1369 2862 luxus

633 2903 799 2989 spectandi
823 2902 905 2968 leuis
928 2903 1044 2991 effugit
1067 2903 1237 2987 uoluptas:

632 3015 698 3076 stet
720 3033 816 3077 sexus
840 3010 929 3076 rudis
950 3010 1135 3094 insciusque
1158 3010 1251 3096 ferri3

632 3123 669 3182 ut
692 3139 819 3206 pugnes
842 3118 931 3204 oepit
954 3116 1124 3202 improbus
1148 3116 1273 3182 uiriles!

632 3225 742 3292 credes
765 3225 805 3291 sd
828 3225 964 3290 Teneim
986 3225 1155 3310 ferumque
1178 3223 1310 3288 Phasim

630 3331 936 3398 Thermodontiaeas
960 3331 1062 3397 eslere
1085 3335 1218 3396 turmas.

631 3439 684 3504 hic
707 3439 811 3505 audax
835 3439 925 3505 subit
949 3439 1027 3504 ordo
1050 3437 1258 3524 pumilorum‚

631 3569 712 3633 quos
735 3551 851 3612 nutura
874 3547 984 3612 breuis
1007 3545 1118 3610 stetim
1141 3549 1273 3630 peraeta

628 3653 787 3720 nodosum
810 3653 909 3720 semel
933 3653 968 3718 in
990 3652 1126 3740 globum
1148 3651 1274 3738 ligauit.

629 3761 728 3828 edunt
750 3761 886 3826 uulnera
909 3763 1146 3845 conseruntque
1170 3758 1300 3824 dextras

628 3872 661 3933 et
684 3873 822 3934 mortem
845 3867 909 3934 sibi
932 3905 977 3915 —
1000 3889 1064 3952 qus
1086 3867 1198 3931 manu!
1222 3903 1264 3912 —
1288 3867 1413 3934 minant
1436 3891 1459 3934 r.

628 3975 711 4041 ridet
734 3975 821 4041 Mers
844 3980 937 4062 pater
961 3979 994 4039 et
1017 3979 1150 4039 cruento
1172 3955 1287 4038 Virtus

414 4175 448 4224 66
466 4169 618 4224 insimul&
652 4201 687 4210 -
718 4175 751 4224 67
776 4169 859 4224 besto
878 4169 996 4225 Hessius
1022 4201 1058 4210 -
1084 4170 1196 4241 puscet,
1220 4167 1294 4222 hene
1316 4169 1382 4224 olim
1405 4169 1523 4227 Vollmer
1547 4180 1659 4244 eccepto

325 4261 481 4314 coniectura
494 4259 614 4315 Domitii
631 4279 656 4315 v.
672 4264 706 4313 66
724 4259 815 4314 neseis
835 4290 867 4300 -
886 4263 921 4312 43
940 4258 1112 4314 uesoimurs
1132 4289 1165 4299 -
1189 4263 1224 4312 44
1242 4273 1295 4327 par
1312 4257 1357 4311 uir
1377 4257 1438 4314 osto
1456 4289 1492 4299 —·
1514 4260 1658 4317 4661661-

324 4351 370 4402 tus
393 4367 430 4402 ss
457 4379 491 4389 -
519 4355 553 4404 46
576 4348 629 4404 hoo
652 4356 788 4418 rogere&
825 4347 878 4402 hoe
902 4348 998 4402 uoueri
1017 4349 1143 4420 Etiipius
1165 4379 1198 4387 -
1226 4353 1260 4401 64
1278 4349 1308 4402 et
1325 4354 1469 4417 pugnes&
1497 4379 1532 4389 —
1560 4357 1594 4405 67
1614 4352 1658 4406 his

324 4437 418 4492 sudsx
436 4439 605 4494 Bernartius
625 4470 654 4480 -
676 4443 709 4493 61
729 4455 814 4506 quem
832 4453 931 4508 manu3
952 4455 1020 4494 corr.
1036 4437 1179 4493 Aesontius
1199 4468 1230 4477 —
1752 4439 1757 4448 '

322 4539 536 4550 ——.........

412 4603 446 4653 41
465 4597 530 4662 Hor.
547 4599 578 4653 Α.
593 4597 623 4655 Ρ.
639 4604 672 4654 86
695 4597 785 4654 libers
804 4599 871 4654 uine
890 4631 925 4639 —
951 4603 985 4654 47
1004 4597 1087 4670 Verg.
1102 4597 1135 4652 A.
1149 4596 1218 4651 ΙΧ6
1236 4597 1313 4666 quod
1335 4598 1446 4667 optsnti
1468 4597 1567 4654 diuum
1593 4615 1658 4671 pro·

322 4687 435 4744 mittere
448 4705 531 4744 nemo
546 4689 663 4744 sudsret
682 4719 714 4730 -
733 4693 768 4744 49
783 4687 910 4758 quisquis
930 4689 955 4743 is
971 4691 1016 4744 est
1035 4687 1085 4742 0u.
1095 4687 1163 4742 Met.
1173 4687 1238 4740 xm
1247 4694 1300 4742 466
1323 4687 1388 4743 Her.
1399 4687 1463 4742 xlx
1477 4694 1528 4743 21⁷
1552 4689 1656 4746 silus

323 4783 348 4832 6.
364 4785 398 4833 66
429 4779 464 4848 cs.
484 4778 558 4834 Pers.
573 4777 611 4832 ΠΙ
628 4783 661 4833 96
680 4776 773 4832 Lusus
788 4797 814 4849 p.
826 4785 859 4833 31
879 4811 914 4820 —
933 4785 966 4833 61
985 4776 1034 4834 Sil.
1049 4777 1082 4832 It.
1093 4775 1171 4831 XVII
1185 4781 1220 4830 28
1238 4777 1290 4832 hos
1308 4776 1383 4832 inter
1401 4776 1530 4832 fremitus
1557 4777 1656 4836 claud.

322 4866 400 4922 Eutr.
419 4867 511 4922 11474
535 4867 586 4922 hos
608 4867 682 4922 inter
701 4867 835 4938 strepitus
859 4901 894 4910 —
916 4873 952 4923 64
969 4866 1033 4923 Vel.
1052 4866 1094 4922 Fl.
1108 4867 1147 4922 VI
1162 4872 1212 4922 166
1236 4883 1402 4938 pugnasque
1425 4866 1550 4938 espessit
1573 4867 1656 4923 sn'les

322 4987 355 4997 -
375 4963 409 5011 62
429 4956 500 5013 Stet.
520 4956 605 5013 Theb.
625 4957 650 5012 V
669 4961 721 5012 666
740 4959 773 5014 de
793 4959 986 5030 meantibus
1009 4957 1150 5014 Lesbiacis
1167 4957 1279 5025 seminis
1297 4957 1419 5012 sudasse
1437 4955 1535 5011 rubuit
1552 4957 1658 5013 mirate
