3775 5567
830 479 870 538 ⁴P.
889 479 1027 535 PAPINII
1046 479 1164 537 suasu

547 648 580 709 te
605 666 732 730 quoque
755 643 913 710 clamosae
937 667 1097 730 quaenam
1120 645 1218 733 plaga
1240 646 1351 713 mitior
1372 647 1456 713 Vrbi

547 750 735 817 subtrahit?
771 752 1001 837 aestiuosque
1023 751 1146 837 decipis
1169 775 1242 819 aere
1264 752 1370 819 soles?

547 857 646 943 quid?
677 862 754 923 tuus
772 858 859 924 ‘ante
877 859 1004 943 omnis',
1022 864 1079 924 tua
1097 882 1173 925 cura
1190 860 1371 946 potissima,
1389 860 1509 948 Gallus,

523 957 525 960 ⁵
545 988 688 1031 necnon
704 969 816 1032 noster
834 988 933 1053 amor,
951 965 1085 1032 dubium
1104 989 1271 1033 morumne
1290 968 1477 1053 probandus

546 1072 710 1161 ingeniine
734 1073 838 1159 bonis,
860 1074 962 1139 Latiis
986 1073 1126 1139 aestiuat
1148 1073 1182 1138 in
1205 1074 1270 1140 oris

546 1202 629 1245 anne
651 1180 862 1246 metalliferae
884 1180 1004 1266 repetit
1026 1180 1091 1245 iam
1114 1180 1241 1246 moenia
1263 1181 1373 1247 erae

546 1287 791 1373 Tyrrhenasque
811 1286 944 1353 domos?
977 1286 1109 1373 quodsi
1128 1286 1191 1353 tibi
1210 1288 1377 1372 proximus
1395 1290 1519 1375 haeret,

544 1416 610 1459 non
634 1417 695 1481 ego
718 1416 803 1459 nunc
825 1398 934 1459 uestro
957 1392 1069 1479 procul
1092 1417 1112 1457 a
1134 1416 1280 1459 sermone
1303 1395 1429 1481 reced03

547 1505 671 1567 certum
689 1505 751 1586 est,
769 1501 843 1567 inde
862 1523 960 1567 sonus
978 1500 1123 1588 geminas
1141 1500 1222 1566 mihi
1241 1502 1354 1567 circuit
1373 1524 1473 1569 aures

545 1608 601 1673 sed
624 1613 674 1692 tu,
697 1608 774 1673 dum
796 1608 897 1675 nimio
921 1631 1070 1693 possessa
1092 1607 1279 1693 Hyperione
1302 1610 1419 1697 flagrat

547 1720 642 1781 torua
665 1715 816 1782 Cleonaei
839 1715 916 1781 iuba
939 1716 1066 1802 sideris,
1088 1738 1170 1781 exue
1193 1716 1278 1782 curis

545 1827 659 1908 pectus
682 1828 715 1888 et
738 1823 866 1889 assiduo
889 1827 991 1889 temet
1013 1824 1120 1889 furare
1142 1822 1255 1889 labori.

545 1934 578 1995 et
600 1934 710 1997 sontes
734 1930 841 2016 operit
863 1930 1031 2016 pharetras
1054 1952 1227 2015 arcumque
1250 1932 1390 1997 retendit

545 2036 685 2103 Parthus
708 2042 741 2103 et
763 2038 853 2103 Eleis
876 2037 991 2125 amigo
1011 2037 1182 2103 laboribus
1204 2041 1293 2105 actos

543 2145 673 2231 Alpheo
696 2145 875 2230 permulcet
898 2167 999 2230 equos
1022 2149 1055 2211 et
1077 2150 1188 2210 nostra
1211 2145 1341 2211 fatescit

544 2252 735 2339 laxaturque
758 2252 881 2337 chelys:
918 2252 1004 2317 uires
1027 2252 1163 2340 instigat
1187 2252 1310 2338 alitque

544 2360 741 2445 tempestiua
764 2360 868 2445 quies,
892 2360 996 2425 maior
1017 2363 1092 2445 post
1116 2359 1182 2425 otia
1204 2360 1323 2427 uirtus!

545 2467 620 2533 talis
644 2472 774 2533 cantata
796 2466 940 2533 Briseide
964 2466 1055 2533 uenit
1078 2466 1221 2533 Achilles

544 2574 648 2640 aerior
670 2579 703 2640 et
726 2574 831 2660 postis
853 2574 960 2659 erupit
984 2574 1018 2639 in
1041 2573 1182 2639 Hectora
1205 2574 1347 2660 plectris.

544 2686 578 2746 te
601 2704 729 2767 quoque
752 2681 933 2747 flammabit
956 2681 1052 2747 tacite
1076 2681 1217 2766 repetita
1238 2704 1413 2768 parumper

544 2787 667 2854 desidia
689 2792 722 2854 et
745 2789 865 2855 solidos
887 2812 993 2855 nouus
1016 2788 1179 2854 exultabis
1202 2788 1236 2853 in
1258 2792 1357 2855 actus.

544 2900 631 2962 certe
654 2896 719 2961 iam
741 2896 853 2962 Latiae
876 2918 942 2962 non
964 2895 1102 2963 miscent
1124 2895 1231 2983 iurgia
1252 2896 1342 2983 leges

544 3008 577 3068 et
595 3026 707 3089 pacem
726 3003 821 3091 piger
839 3025 941 3068 annus
960 3003 1060 3068 habet
1079 3024 1262 3088 messesque
1281 3026 1428 3070 reuersae

544 3110 692 3177 dimisere
715 3111 829 3175 forum.
874 3132 934 3175 nec
956 3110 1021 3175 iam
1044 3109 1106 3175 tibi
1130 3112 1229 3177 turba
1250 3133 1379 3177 reorum

544 3218 705 3284 uestibulo
729 3217 918 3303 querulique
941 3221 1059 3305 rogant
1082 3217 1169 3283 exire
1193 3218 1339 3305 clientes3

543 3329 647 3391 cessat
670 3324 796 3390 centeni
819 3324 1016 3389 moderatrix
1039 3324 1155 3391 iudicis
1176 3325 1282 3411 hasta,

543 3455 607 3518 qua
629 3432 692 3497 tibi
715 3431 848 3498 sublimi
870 3431 935 3496 iam
958 3453 1044 3496 nuuc
1066 3431 1275 3498 celeberrima
1297 3434 1383 3498 fama

543 3540 664 3605 eminet
686 3543 719 3605 et
741 3538 868 3604 iuuenis
890 3538 1041 3603 facundia
1063 3539 1217 3623 praeterit
1240 3562 1349 3605 annos.

544 3647 623 3713 felix
646 3668 808 3733 curarum,
831 3645 883 3710 eui
904 3666 971 3710 non
994 3644 1163 3711 Heliconia
1185 3646 1273 3712 cordi

545 3758 631 3820 serta
653 3776 713 3819 nec
735 3752 884 3819 imbelles
905 3750 1039 3818 Parnasi
1063 3774 1081 3818 e
1103 3753 1224 3818 uertice
1247 3753 1370 3840 laurus,

542 3861 598 3927 sed
620 3861 712 3948 uiget
735 3860 902 3949 ingenium
924 3864 958 3926 et
981 3882 1116 3948 magnos
1140 3860 1300 3926 accinctus
1323 3861 1358 3926 in
1380 3884 1457 3928 usus

543 3970 607 4035 tert
629 3968 756 4034 animus
780 3990 997 4054 quascumque
1020 3968 1120 4035 uices:
1156 3990 1216 4034 nos
1240 3968 1306 4035 otia
1329 3968 1415 4035 uitae

420 4204 452 4254 18
467 4198 608 4269 quaeiam
618 4198 723 4255 Otto-
737 4204 771 4253 30
786 4157 976 4270 aperieiur.
988 4204 1006 4253 ς
1017 4230 1050 4239 -
1065 4204 1099 4253 32
1119 4197 1248 4271 alpheos;
1268 4204 1365 4254 corr&
1385 4230 1419 4241 -
1438 4204 1472 4255 33
1487 4198 1585 4255 solitos
1596 4206 1614 4255 ς
1626 4232 1661 4242 -

418 4420 452 4468 26
471 4413 572 4469 catull.
587 4419 630 4469 51.
646 4420 678 4468 ll
702 4412 860 4469 tmtinnant
878 4430 972 4479 aures,
991 4412 1105 4482 gemina
1123 4413 1257 4483 teguntur
1276 4412 1383 4467 lumina
1401 4416 1483 4469 nocte
1510 4416 1545 4484 cf.
1569 4420 1612 4471 63.
1628 4419 1660 4468 It

331 4502 458 4574 geminas
477 4520 559 4559 aures
577 4502 664 4559 Culex
680 4509 730 4557 150
759 4503 809 4558 Ou.
829 4503 895 4559 Met.
911 4503 936 4557 X
952 4507 1002 4557 116
1032 4534 1065 4543 -
1093 4507 1126 4556 28
1151 4502 1233 4557 Mart.
1252 4502 1292 4556 IV
1306 4508 1379 4557 60.2
1408 4502 1546 4559 Cleonaeo
1570 4503 1661 4559 sidera

329 4593 422 4649 feruet
440 4609 508 4665 ager
535 4625 570 4635 -
598 4599 632 4650 29
650 4592 733 4664 Verg.
748 4592 781 4649 A.
796 4593 821 4647 V
836 4598 887 4647 343
914 4608 987 4662 pone
1006 4592 1093 4661 eaput
1114 4590 1259 4660 fessosque
1277 4590 1372 4646 oculos
1395 4589 1489 4647 furare
1511 4592 1603 4649 labori
1625 4594 1661 4659 cf.

329 4682 644 4753 sidon.up.v111a.r
665 4715 698 4724 -
722 4688 757 4737 36
775 4681 990 4738 silu.V1.aoa
1009 4678 1108 4752 positis
1129 4680 1312 4750 ...plectris
1336 4712 1371 4722 -
1398 4686 1432 4735 39
1451 4680 1660 4739 Siramnai

329 4772 444 4827 strictae
471 4772 501 4826 in
529 4771 623 4843 iurgia
649 4771 727 4844 leger
759 4802 792 4813 -
824 4778 859 4826 40
881 4771 985 4826 Lucan.
1004 4770 1044 4825 IV
1057 4775 1109 4824 473
1141 4786 1295 4841 pacemque
1321 4768 1443 4826 habuere
1466 4772 1599 4827 tenebrae
1626 4804 1662 4814 —

328 4867 364 4916 45
391 4863 427 4927 cs.
453 4862 492 4916 od
517 4860 544 4915 II
563 4866 587 4915 1.
606 4866 642 4915 40
675 4859 726 4916 On.
749 4860 830 4916 Pont.
853 4860 880 4914 Π
897 4866 922 4915 2.
942 4865 974 4914 71
1008 4858 1144 4930 praeterit
1173 4858 1234 4930 ipse
1262 4876 1327 4914 suos
1357 4858 1451 4915 animo
1479 4859 1661 4917 Germanicus

330 4967 418 5005 annos
437 4982 471 4990 —
489 4953 525 5004 49
543 4949 648 5005 Aaron.
662 4949 713 5021 Ep.
727 4950 793 5004 VIII
806 4956 841 5004 43
856 4953 894 5020 (p.
909 4950 1000 5019 aarP)
1016 4946 1233 5021 παραθέλξομεν
1252 4948 1312 5005 otia
1330 4948 1409 5006 uitae
1427 4982 1462 4991 -
