<?xml version="1.0" encoding="UTF-8"?>
<!DOCTYPE html PUBLIC "-//W3C//DTD XHTML 1.0 Transitional//EN"
    "http://www.w3.org/TR/xhtml1/DTD/xhtml1-transitional.dtd">
<html xmlns="http://www.w3.org/1999/xhtml" xml:lang="en" lang="en">
 <head>
  <title>
</title>
<meta http-equiv="Content-Type" content="text/html;charset=utf-8" />
  <meta name='ocr-system' content='tesseract 3.04.00' />
  <meta name='ocr-capabilities' content='ocr_page ocr_carea ocr_par ocr_line ocrx_word'/>
</head>
<body>
  <div class='ocr_page' id='page_1' title='image "./silvarvmlibri01buecgoog_0126.png"; bbox 0 0 3775 5567; ppageno 0'>
   <div class='ocr_carea' id='block_1_1' title="bbox 818 420 1143 476">
    <p class='ocr_par' dir='ltr' id='par_1_1' title="bbox 818 420 1143 476">
     <span class='ocr_line' id='line_1_1' title="bbox 818 420 1143 476; baseline -0.003 -1"><span class='ocrx_word' id='word_1_1' title='bbox 818 422 848 476; x_wconf 90' lang='lat' dir='ltr'>P.</span> <span class='ocrx_word' id='word_1_2' title='bbox 867 421 1004 476; x_wconf 81' lang='lat' dir='ltr'>PAPINII</span> <span class='ocrx_word' id='word_1_3' title='bbox 1024 420 1143 476; x_wconf 70' lang='lat' dir='ltr'>sanun</span> 
     </span>
    </p>
   </div>
   <div class='ocr_carea' id='block_1_2' title="bbox 504 584 1514 2709">
    <p class='ocr_par' dir='ltr' id='par_1_2' title="bbox 533 584 1493 1098">
     <span class='ocr_line' id='line_1_2' title="bbox 533 584 1290 670; baseline -0.005 -18"><span class='ocrx_word' id='word_1_4' title='bbox 533 587 672 653; x_wconf 89' lang='lat' dir='ltr'>libretur</span> <span class='ocrx_word' id='word_1_5' title='bbox 694 587 794 652; x_wconf 85' lang='lat' dir='ltr'>fundo</span> <span class='ocrx_word' id='word_1_6' title='bbox 817 608 992 670; x_wconf 83' lang='lat' dir='ltr'>rursusque</span> <span class='ocrx_word' id='word_1_7' title='bbox 1015 584 1115 650; x_wconf 82' lang='lat' dir='ltr'>enode</span> <span class='ocrx_word' id='word_1_8' title='bbox 1138 606 1290 649; x_wconf 78' lang='lat' dir='ltr'>cacumen</span> 
     </span>
     <span class='ocr_line' id='line_1_3' title="bbox 534 692 1303 781; baseline -0.005 -21"><span class='ocrx_word' id='word_1_9' title='bbox 534 694 702 781; x_wconf 87' lang='lat' dir='ltr'>ingeniosa</span> <span class='ocrx_word' id='word_1_10' title='bbox 724 694 820 777; x_wconf 83' lang='lat' dir='ltr'>leuat,</span> <span class='ocrx_word' id='word_1_11' title='bbox 843 692 945 758; x_wconf 92' lang='lat' dir='ltr'>ueluti</span> <span class='ocrx_word' id='word_1_12' title='bbox 970 692 1141 758; x_wconf 75' lang='lat' dir='ltr'><strong>descendat</strong></span> <span class='ocrx_word' id='word_1_13' title='bbox 1163 692 1198 758; x_wconf 92' lang='lat' dir='ltr'>iu</span> <span class='ocrx_word' id='word_1_14' title='bbox 1220 692 1303 757; x_wconf 92' lang='lat' dir='ltr'>imos</span> 
     </span>
     <span class='ocr_line' id='line_1_4' title="bbox 535 799 1325 887; baseline -0.004 -20"><span class='ocrx_word' id='word_1_15' title='bbox 535 803 637 887; x_wconf 79' lang='lat' dir='ltr'><strong>stirpe</strong></span> <span class='ocrx_word' id='word_1_16' title='bbox 660 802 748 867; x_wconf 88' lang='lat' dir='ltr'>lacus</span> <span class='ocrx_word' id='word_1_17' title='bbox 771 801 842 866; x_wconf 87' lang='lat' dir='ltr'>alia.</span> <span class='ocrx_word' id='word_1_18' title='bbox 889 800 954 865; x_wconf 89' lang='lat' dir='ltr'>iam</span> <span class='ocrx_word' id='word_1_19' title='bbox 976 822 1036 864; x_wconf 93' lang='lat' dir='ltr'>nec</span> <span class='ocrx_word' id='word_1_20' title='bbox 1058 799 1222 864; x_wconf 80' lang='lat' dir='ltr'>Phoebeia</span> <span class='ocrx_word' id='word_1_21' title='bbox 1244 799 1325 865; x_wconf 83' lang='lat' dir='ltr'>Nais</span> 
     </span>
     <span class='ocr_line' id='line_1_5' title="bbox 535 906 1261 994; baseline -0.004 -19"><span class='ocrx_word' id='word_1_22' title='bbox 535 909 604 975; x_wconf 89' lang='lat' dir='ltr'>odit</span> <span class='ocrx_word' id='word_1_23' title='bbox 627 914 659 974; x_wconf 92' lang='lat' dir='ltr'>et</span> <span class='ocrx_word' id='word_1_24' title='bbox 682 909 829 974; x_wconf 88' lang='lat' dir='ltr'>exclusos</span> <span class='ocrx_word' id='word_1_25' title='bbox 851 907 970 972; x_wconf 89' lang='lat' dir='ltr'>inuitat</span> <span class='ocrx_word' id='word_1_26' title='bbox 992 906 1123 994; x_wconf 78' lang='lat' dir='ltr'>gurgite</span> <span class='ocrx_word' id='word_1_27' title='bbox 1146 929 1261 972; x_wconf 88' lang='lat' dir='ltr'>ramos.</span> 
     </span>
     <span class='ocr_line' id='line_1_6' title="bbox 625 1012 1493 1098; baseline -0.006 -17"><span class='ocrx_word' id='word_1_28' title='bbox 625 1017 703 1081; x_wconf 90' lang='lat' dir='ltr'>haec</span> <span class='ocrx_word' id='word_1_29' title='bbox 726 1014 788 1078; x_wconf 91' lang='lat' dir='ltr'>tibi</span> <span class='ocrx_word' id='word_1_30' title='bbox 812 1037 914 1098; x_wconf 88' lang='lat' dir='ltr'>parua</span> <span class='ocrx_word' id='word_1_31' title='bbox 937 1013 1067 1097; x_wconf 91' lang='lat' dir='ltr'>quidem</span> <span class='ocrx_word' id='word_1_32' title='bbox 1090 1012 1225 1098; x_wconf 78' lang='lat' dir='ltr'>genitali</span> <span class='ocrx_word' id='word_1_33' title='bbox 1247 1012 1318 1078; x_wconf 91' lang='lat' dir='ltr'>luce</span> <span class='ocrx_word' id='word_1_34' title='bbox 1341 1035 1493 1097; x_wconf 87' lang='lat' dir='ltr'>paramus</span> 
     </span>
    </p>

    <p class='ocr_par' dir='ltr' id='par_1_3' title="bbox 537 1119 1334 1208">
     <span class='ocr_line' id='line_1_7' title="bbox 537 1119 1334 1208; baseline -0.006 -18"><span class='ocrx_word' id='word_1_35' title='bbox 537 1125 629 1208; x_wconf 84' lang='lat' dir='ltr'>dona,</span> <span class='ocrx_word' id='word_1_36' title='bbox 652 1123 707 1190; x_wconf 91' lang='lat' dir='ltr'>sed</span> <span class='ocrx_word' id='word_1_37' title='bbox 732 1119 855 1208; x_wconf 86' lang='lat' dir='ltr'>ingenti</span> <span class='ocrx_word' id='word_1_38' title='bbox 879 1121 989 1185; x_wconf 79' lang='lat' dir='ltr'><strong>forsan</strong></span> <span class='ocrx_word' id='word_1_39' title='bbox 1012 1119 1140 1184; x_wconf 85' lang='lat' dir='ltr'>uictura</span> <span class='ocrx_word' id='word_1_40' title='bbox 1162 1120 1223 1184; x_wconf 88' lang='lat' dir='ltr'>sub</span> <span class='ocrx_word' id='word_1_41' title='bbox 1246 1142 1334 1186; x_wconf 88' lang='lat' dir='ltr'>aeuo.</span> 
     </span>
    </p>

    <p class='ocr_par' dir='ltr' id='par_1_4' title="bbox 504 1222 1514 2709">
     <span class='ocr_line' id='line_1_8' title="bbox 504 1222 1346 1315; baseline -0.006 -18"><span class='ocrx_word' id='word_1_42' title='bbox 504 1222 506 1226; x_wconf 37' lang='lat'><strong><em>¹</em></strong></span> <span class='ocrx_word' id='word_1_43' title='bbox 536 1237 582 1315; x_wconf 93' lang='lat' dir='ltr'>tu,</span> <span class='ocrx_word' id='word_1_44' title='bbox 606 1230 696 1296; x_wconf 90' lang='lat' dir='ltr'>cuius</span> <span class='ocrx_word' id='word_1_45' title='bbox 719 1228 845 1314; x_wconf 88' lang='lat' dir='ltr'>placido</span> <span class='ocrx_word' id='word_1_46' title='bbox 868 1249 1004 1313; x_wconf 84' lang='lat' dir='ltr'>posuere</span> <span class='ocrx_word' id='word_1_47' title='bbox 1028 1227 1062 1291; x_wconf 91' lang='lat' dir='ltr'>iu</span> <span class='ocrx_word' id='word_1_48' title='bbox 1085 1231 1216 1311; x_wconf 87' lang='lat' dir='ltr'>pectore</span> <span class='ocrx_word' id='word_1_49' title='bbox 1238 1227 1346 1293; x_wconf 86' lang='lat' dir='ltr'>sedem</span> 
     </span>
     <span class='ocr_line' id='line_1_9' title="bbox 537 1333 1514 1420; baseline -0.004 -17"><span class='ocrx_word' id='word_1_50' title='bbox 537 1338 674 1403; x_wconf 87' lang='lat' dir='ltr'>blandus</span> <span class='ocrx_word' id='word_1_51' title='bbox 692 1336 805 1401; x_wconf 88' lang='lat' dir='ltr'>Honos</span> <span class='ocrx_word' id='word_1_52' title='bbox 823 1333 999 1419; x_wconf 89' lang='lat' dir='ltr'>hilarisque</span> <span class='ocrx_word' id='word_1_53' title='bbox 1017 1337 1126 1398; x_wconf 86' lang='lat' dir='ltr'>tamen</span> <span class='ocrx_word' id='word_1_54' title='bbox 1145 1357 1218 1399; x_wconf 90' lang='lat' dir='ltr'>cum</span> <span class='ocrx_word' id='word_1_55' title='bbox 1237 1334 1378 1419; x_wconf 89' lang='lat' dir='ltr'>pondere</span> <span class='ocrx_word' id='word_1_56' title='bbox 1393 1334 1514 1420; x_wconf 77' lang='lat' dir='ltr'>Virtus,</span> 
     </span>
     <span class='ocr_line' id='line_1_10' title="bbox 537 1441 1466 1530; baseline -0.004 -19"><span class='ocrx_word' id='word_1_57' title='bbox 537 1445 588 1511; x_wconf 89' lang='lat' dir='ltr'>cui</span> <span class='ocrx_word' id='word_1_58' title='bbox 611 1466 670 1509; x_wconf 89' lang='lat' dir='ltr'>nec</span> <span class='ocrx_word' id='word_1_59' title='bbox 693 1444 788 1530; x_wconf 86' lang='lat' dir='ltr'>pigra</span> <span class='ocrx_word' id='word_1_60' title='bbox 810 1442 901 1527; x_wconf 89' lang='lat' dir='ltr'>quies</span> <span class='ocrx_word' id='word_1_61' title='bbox 925 1464 984 1506; x_wconf 88' lang='lat' dir='ltr'>neo</span> <span class='ocrx_word' id='word_1_62' title='bbox 1006 1441 1118 1525; x_wconf 91' lang='lat' dir='ltr'>iniqua</span> <span class='ocrx_word' id='word_1_63' title='bbox 1141 1442 1288 1526; x_wconf 86' lang='lat' dir='ltr'>potentia</span> <span class='ocrx_word' id='word_1_64' title='bbox 1310 1465 1369 1506; x_wconf 90' lang='lat' dir='ltr'>nec</span> <span class='ocrx_word' id='word_1_65' title='bbox 1392 1465 1466 1526; x_wconf 88' lang='lat' dir='ltr'>spes</span> 
     </span>
     <span class='ocr_line' id='line_1_11' title="bbox 538 1549 1470 1638; baseline -0.004 -20"><span class='ocrx_word' id='word_1_66' title='bbox 538 1553 696 1638; x_wconf 88' lang='lat' dir='ltr'>improba,</span> <span class='ocrx_word' id='word_1_67' title='bbox 720 1550 775 1616; x_wconf 90' lang='lat' dir='ltr'>sed</span> <span class='ocrx_word' id='word_1_68' title='bbox 798 1549 922 1615; x_wconf 90' lang='lat' dir='ltr'>medius</span> <span class='ocrx_word' id='word_1_69' title='bbox 945 1570 1004 1632; x_wconf 88' lang='lat' dir='ltr'>per</span> <span class='ocrx_word' id='word_1_70' title='bbox 1025 1549 1163 1614; x_wconf 86' lang='lat' dir='ltr'>honeste</span> <span class='ocrx_word' id='word_1_71' title='bbox 1185 1554 1218 1614; x_wconf 92' lang='lat' dir='ltr'>et</span> <span class='ocrx_word' id='word_1_72' title='bbox 1241 1549 1346 1624; x_wconf 89' lang='lat' dir='ltr'>dulcia</span> <span class='ocrx_word' id='word_1_73' title='bbox 1368 1549 1470 1636; x_wconf 90' lang='lat' dir='ltr'>limes,</span> 
     </span>
     <span class='ocr_line' id='line_1_12' title="bbox 538 1657 1375 1744; baseline -0.005 -19"><span class='ocrx_word' id='word_1_74' title='bbox 538 1661 723 1744; x_wconf 85' lang='lat' dir='ltr'>incorrupte</span> <span class='ocrx_word' id='word_1_75' title='bbox 746 1657 842 1722; x_wconf 91' lang='lat' dir='ltr'>fidem</span> <span class='ocrx_word' id='word_1_76' title='bbox 865 1657 1035 1741; x_wconf 90' lang='lat' dir='ltr'>nullosque</span> <span class='ocrx_word' id='word_1_77' title='bbox 1058 1660 1191 1741; x_wconf 85' lang='lat' dir='ltr'>experte</span> <span class='ocrx_word' id='word_1_78' title='bbox 1214 1659 1375 1721; x_wconf 91' lang='lat' dir='ltr'>tumultus</span> 
     </span>
     <span class='ocr_line' id='line_1_13' title="bbox 538 1763 1387 1850; baseline -0.005 -17"><span class='ocrx_word' id='word_1_79' title='bbox 538 1774 571 1833; x_wconf 89' lang='lat' dir='ltr'>et</span> <span class='ocrx_word' id='word_1_80' title='bbox 594 1771 724 1850; x_wconf 90' lang='lat' dir='ltr'>secrete,</span> <span class='ocrx_word' id='word_1_81' title='bbox 747 1765 852 1850; x_wconf 85' lang='lat' dir='ltr'>palam</span> <span class='ocrx_word' id='word_1_82' title='bbox 877 1787 975 1849; x_wconf 92' lang='lat' dir='ltr'>quom</span> <span class='ocrx_word' id='word_1_83' title='bbox 998 1763 1118 1850; x_wconf 84' lang='lat' dir='ltr'>digeris</span> <span class='ocrx_word' id='word_1_84' title='bbox 1142 1763 1253 1829; x_wconf 87' lang='lat' dir='ltr'>ordine</span> <span class='ocrx_word' id='word_1_85' title='bbox 1276 1765 1387 1850; x_wconf 89' lang='lat' dir='ltr'>uitam,</span> 
     </span>
     <span class='ocr_line' id='line_1_14' title="bbox 540 1870 1400 1955; baseline -0.005 -15"><span class='ocrx_word' id='word_1_86' title='bbox 540 1877 622 1940; x_wconf 92' lang='lat' dir='ltr'>idem</span> <span class='ocrx_word' id='word_1_87' title='bbox 646 1873 716 1938; x_wconf 88' lang='lat' dir='ltr'>auri</span> <span class='ocrx_word' id='word_1_88' title='bbox 739 1871 842 1938; x_wconf 87' lang='lat' dir='ltr'>facilis</span> <span class='ocrx_word' id='word_1_89' title='bbox 866 1875 1071 1955; x_wconf 89' lang='lat' dir='ltr'>contemptor</span> <span class='ocrx_word' id='word_1_90' title='bbox 1093 1876 1125 1935; x_wconf 87' lang='lat' dir='ltr'>ct</span> <span class='ocrx_word' id='word_1_91' title='bbox 1148 1870 1293 1955; x_wconf 88' lang='lat' dir='ltr'>optimus</span> <span class='ocrx_word' id='word_1_92' title='bbox 1315 1871 1400 1937; x_wconf 89' lang='lat' dir='ltr'>idem</span> 
     </span>
     <span class='ocr_line' id='line_1_15' title="bbox 538 1977 1363 2062; baseline -0.004 -15"><span class='ocrx_word' id='word_1_93' title='bbox 538 2004 663 2047; x_wconf 89' lang='lat' dir='ltr'>comere</span> <span class='ocrx_word' id='word_1_94' title='bbox 687 1978 818 2044; x_wconf 89' lang='lat' dir='ltr'>diuitias</span> <span class='ocrx_word' id='word_1_95' title='bbox 841 1977 1025 2062; x_wconf 89' lang='lat' dir='ltr'>opibusque</span> <span class='ocrx_word' id='word_1_96' title='bbox 1049 1977 1223 2042; x_wconf 89' lang='lat' dir='ltr'>immittere</span> <span class='ocrx_word' id='word_1_97' title='bbox 1244 1978 1363 2044; x_wconf 89' lang='lat' dir='ltr'>lucem:</span> 
     </span>
     <span class='ocr_line' id='line_1_16' title="bbox 539 2084 1387 2174; baseline -0.005 -20"><span class='ocrx_word' id='word_1_98' title='bbox 539 2090 598 2154; x_wconf 88' lang='lat' dir='ltr'>hac</span> <span class='ocrx_word' id='word_1_99' title='bbox 621 2088 756 2174; x_wconf 89' lang='lat' dir='ltr'>longum</span> <span class='ocrx_word' id='word_1_100' title='bbox 779 2087 896 2150; x_wconf 89' lang='lat' dir='ltr'>florens</span> <span class='ocrx_word' id='word_1_101' title='bbox 919 2084 1018 2150; x_wconf 86' lang='lat' dir='ltr'>enimi</span> <span class='ocrx_word' id='word_1_102' title='bbox 1041 2107 1231 2169; x_wconf 88' lang='lat' dir='ltr'>morumque</span> <span class='ocrx_word' id='word_1_103' title='bbox 1255 2085 1387 2150; x_wconf 88' lang='lat' dir='ltr'>iuuenta</span> 
     </span>
     <span class='ocr_line' id='line_1_17' title="bbox 540 2191 1281 2279; baseline -0.008 -17"><span class='ocrx_word' id='word_1_104' title='bbox 540 2197 655 2262; x_wconf 89' lang='lat' dir='ltr'>Iliacos</span> <span class='ocrx_word' id='word_1_105' title='bbox 678 2215 814 2279; x_wconf 80' lang='lat' dir='ltr'>sequere</span> <span class='ocrx_word' id='word_1_106' title='bbox 838 2215 930 2257; x_wconf 91' lang='lat' dir='ltr'>senes</span> <span class='ocrx_word' id='word_1_107' title='bbox 954 2196 988 2257; x_wconf 90' lang='lat' dir='ltr'>et</span> <span class='ocrx_word' id='word_1_108' title='bbox 1010 2191 1139 2257; x_wconf 85' lang='lat' dir='ltr'>uincere</span> <span class='ocrx_word' id='word_1_109' title='bbox 1162 2196 1281 2276; x_wconf 88' lang='lat' dir='ltr'>persta,</span> 
     </span>
     <span class='ocr_line' id='line_1_18' title="bbox 540 2299 1435 2391; baseline -0.003 -22"><span class='ocrx_word' id='word_1_110' title='bbox 540 2327 621 2391; x_wconf 88' lang='lat' dir='ltr'>quos</span> <span class='ocrx_word' id='word_1_111' title='bbox 645 2306 737 2388; x_wconf 89' lang='lat' dir='ltr'>peter</span> <span class='ocrx_word' id='word_1_112' title='bbox 759 2301 882 2385; x_wconf 84' lang='lat' dir='ltr'>Elysio,</span> <span class='ocrx_word' id='word_1_113' title='bbox 905 2299 1054 2385; x_wconf 85' lang='lat' dir='ltr'>genetrix</span> <span class='ocrx_word' id='word_1_114' title='bbox 1078 2322 1159 2384; x_wconf 91' lang='lat' dir='ltr'>quos</span> <span class='ocrx_word' id='word_1_115' title='bbox 1182 2300 1299 2366; x_wconf 91' lang='lat' dir='ltr'>detulit</span> <span class='ocrx_word' id='word_1_116' title='bbox 1321 2324 1435 2366; x_wconf 88' lang='lat' dir='ltr'>annos:</span> 
     </span>
     <span class='ocr_line' id='line_1_19' title="bbox 540 2409 1147 2490; baseline -0.008 -14"><span class='ocrx_word' id='word_1_117' title='bbox 540 2413 601 2477; x_wconf 91' lang='lat' dir='ltr'>hoc</span> <span class='ocrx_word' id='word_1_118' title='bbox 623 2410 672 2474; x_wconf 92' lang='lat' dir='ltr'>illi</span> <span class='ocrx_word' id='word_1_119' title='bbox 696 2409 791 2474; x_wconf 87' lang='lat' dir='ltr'>duras</span> <span class='ocrx_word' id='word_1_120' title='bbox 815 2428 988 2472; x_wconf 83' lang='lat' dir='ltr'>exercuere</span> <span class='ocrx_word' id='word_1_121' title='bbox 1011 2429 1147 2490; x_wconf 87' lang='lat' dir='ltr'>sorores,</span> 
     </span>
     <span class='ocr_line' id='line_1_20' title="bbox 541 2513 1436 2602; baseline -0.002 -19"><span class='ocrx_word' id='word_1_122' title='bbox 541 2519 611 2602; x_wconf 90' lang='lat' dir='ltr'>hoc,</span> <span class='ocrx_word' id='word_1_123' title='bbox 634 2538 717 2602; x_wconf 84' lang='lat' dir='ltr'>quae</span> <span class='ocrx_word' id='word_1_124' title='bbox 740 2519 773 2580; x_wconf 90' lang='lat' dir='ltr'>te</span> <span class='ocrx_word' id='word_1_125' title='bbox 796 2515 857 2579; x_wconf 88' lang='lat' dir='ltr'>sub</span> <span class='ocrx_word' id='word_1_126' title='bbox 882 2517 964 2578; x_wconf 86' lang='lat' dir='ltr'>teste</span> <span class='ocrx_word' id='word_1_127' title='bbox 988 2513 1087 2578; x_wconf 90' lang='lat' dir='ltr'>situm</span> <span class='ocrx_word' id='word_1_128' title='bbox 1110 2514 1255 2601; x_wconf 79' lang='lat' dir='ltr'>fugitura</span> <span class='ocrx_word' id='word_1_129' title='bbox 1277 2520 1436 2581; x_wconf 84' lang='lat' dir='ltr'>tacentem</span> 
     </span>
     <span class='ocr_line' id='line_1_21' title="bbox 542 2620 1314 2709; baseline -0.004 -19"><span class='ocrx_word' id='word_1_130' title='bbox 542 2625 640 2691; x_wconf 88' lang='lat' dir='ltr'>ardue</span> <span class='ocrx_word' id='word_1_131' title='bbox 663 2621 859 2709; x_wconf 85' lang='lat' dir='ltr'>magnanimi</span> <span class='ocrx_word' id='word_1_132' title='bbox 883 2620 1050 2686; x_wconf 86' lang='lat' dir='ltr'>reuirescit</span> <span class='ocrx_word' id='word_1_133' title='bbox 1073 2621 1177 2708; x_wconf 88' lang='lat' dir='ltr'>gloria</span> <span class='ocrx_word' id='word_1_134' title='bbox 1199 2622 1314 2687; x_wconf 79' lang='lat' dir='ltr'>Blaesi.</span> 
     </span>
    </p>
   </div>
   <div class='ocr_carea' id='block_1_3' title="bbox 980 2947 1002 3009">
    <p class='ocr_par' dir='ltr' id='par_1_5' title="bbox 980 2947 1002 3009">
     <span class='ocr_line' id='line_1_22' title="bbox 980 2947 1002 3009; baseline 0 0"><span class='ocrx_word' id='word_1_135' title='bbox 980 2947 1002 3009; x_wconf 88' lang='grc'><strong>4</strong></span> 
     </span>
    </p>
   </div>
   <div class='ocr_carea' id='block_1_4' title="bbox 542 3061 1660 3821">
    <p class='ocr_par' dir='ltr' id='par_1_6' title="bbox 542 3061 1660 3821">
     <span class='ocr_line' id='line_1_23' title="bbox 604 3061 1528 3174; baseline -0.003 -17"><span class='ocrx_word' id='word_1_136' title='bbox 604 3061 761 3168; x_wconf 77' lang='lat' dir='ltr'>psittaco,</span> <span class='ocrx_word' id='word_1_137' title='bbox 785 3090 850 3153; x_wconf 84' lang='lat' dir='ltr'>dux</span> <span class='ocrx_word' id='word_1_138' title='bbox 870 3089 1047 3171; x_wconf 88' lang='lat' dir='ltr'>uolucrum,</span> <span class='ocrx_word' id='word_1_139' title='bbox 1072 3089 1192 3154; x_wconf 90' lang='lat' dir='ltr'>domini</span> <span class='ocrx_word' id='word_1_140' title='bbox 1212 3090 1349 3154; x_wconf 88' lang='lat' dir='ltr'>facunda</span> <span class='ocrx_word' id='word_1_141' title='bbox 1367 3091 1528 3174; x_wconf 89' lang='lat' dir='ltr'>uoluptas,</span> 
     </span>
     <span class='ocr_line' id='line_1_24' title="bbox 542 3195 1348 3283; baseline 0 -23"><span class='ocrx_word' id='word_1_142' title='bbox 542 3197 700 3263; x_wconf 80' lang='lat' dir='ltr'>humanae</span> <span class='ocrx_word' id='word_1_143' title='bbox 724 3196 838 3261; x_wconf 91' lang='lat' dir='ltr'>sollers</span> <span class='ocrx_word' id='word_1_144' title='bbox 861 3195 1015 3277; x_wconf 80' lang='lat' dir='ltr'>imitator,</span> <span class='ocrx_word' id='word_1_145' title='bbox 1039 3196 1185 3280; x_wconf 90' lang='lat' dir='ltr'>psittace,</span> <span class='ocrx_word' id='word_1_146' title='bbox 1208 3197 1348 3283; x_wconf 88' lang='lat' dir='ltr'>linguae,</span> 
     </span>
     <span class='ocr_line' id='line_1_25' title="bbox 545 3303 1419 3389; baseline 0 -21"><span class='ocrx_word' id='word_1_147' title='bbox 545 3303 618 3389; x_wconf 90' lang='lat' dir='ltr'>quis</span> <span class='ocrx_word' id='word_1_148' title='bbox 642 3307 697 3368; x_wconf 89' lang='lat' dir='ltr'>tue</span> <span class='ocrx_word' id='word_1_149' title='bbox 720 3308 787 3368; x_wconf 89' lang='lat' dir='ltr'>tem</span> <span class='ocrx_word' id='word_1_150' title='bbox 810 3303 920 3368; x_wconf 90' lang='lat' dir='ltr'>subito</span> <span class='ocrx_word' id='word_1_151' title='bbox 944 3303 1119 3388; x_wconf 80' lang='lat' dir='ltr'>praeclusit</span> <span class='ocrx_word' id='word_1_152' title='bbox 1142 3325 1306 3368; x_wconf 89' lang='lat' dir='ltr'>murmura</span> <span class='ocrx_word' id='word_1_153' title='bbox 1329 3305 1419 3368; x_wconf 80' lang='lat' dir='ltr'>fato?</span> 
     </span>
     <span class='ocr_line' id='line_1_26' title="bbox 542 3409 1362 3497; baseline -0.002 -21"><span class='ocrx_word' id='word_1_154' title='bbox 542 3413 719 3496; x_wconf 88' lang='lat' dir='ltr'>hesternas,</span> <span class='ocrx_word' id='word_1_155' title='bbox 741 3409 930 3497; x_wconf 85' lang='lat' dir='ltr'>miserande,</span> <span class='ocrx_word' id='word_1_156' title='bbox 953 3411 1052 3494; x_wconf 88' lang='lat' dir='ltr'>dapes</span> <span class='ocrx_word' id='word_1_157' title='bbox 1075 3409 1250 3475; x_wconf 89' lang='lat' dir='ltr'>moriturus</span> <span class='ocrx_word' id='word_1_158' title='bbox 1274 3411 1362 3476; x_wconf 89' lang='lat' dir='ltr'>inisti</span> 
     </span>
     <span class='ocr_line' id='line_1_27' title="bbox 543 3518 1660 3604; baseline 0 -20"><span class='ocrx_word' id='word_1_159' title='bbox 543 3518 712 3584; x_wconf 88' lang='lat' dir='ltr'>nobiscum</span> <span class='ocrx_word' id='word_1_160' title='bbox 736 3523 769 3582; x_wconf 89' lang='lat' dir='ltr'>et</span> <span class='ocrx_word' id='word_1_161' title='bbox 792 3523 902 3604; x_wconf 65' lang='lat' dir='ltr'>gratum</span> <span class='ocrx_word' id='word_1_162' title='bbox 926 3521 1112 3603; x_wconf 89' lang='lat' dir='ltr'>carpentem</span> <span class='ocrx_word' id='word_1_163' title='bbox 1134 3539 1268 3582; x_wconf 91' lang='lat' dir='ltr'>munera</span> <span class='ocrx_word' id='word_1_164' title='bbox 1290 3541 1418 3583; x_wconf 88' lang='lat' dir='ltr'>mensae</span> <span class='ocrx_word' id='word_1_165' title='bbox 1645 3539 1660 3584; x_wconf 78' lang='lat'><strong>5</strong></span> 
     </span>
     <span class='ocr_line' id='line_1_28' title="bbox 544 3624 1412 3710; baseline 0 -20"><span class='ocrx_word' id='word_1_166' title='bbox 544 3631 768 3710; x_wconf 87' lang='lat' dir='ltr'>errantemque</span> <span class='ocrx_word' id='word_1_167' title='bbox 791 3624 872 3690; x_wconf 90' lang='lat' dir='ltr'>toris</span> <span class='ocrx_word' id='word_1_168' title='bbox 895 3625 1018 3690; x_wconf 90' lang='lat' dir='ltr'>mediae</span> <span class='ocrx_word' id='word_1_169' title='bbox 1041 3624 1116 3709; x_wconf 88' lang='lat' dir='ltr'>plus</span> <span class='ocrx_word' id='word_1_170' title='bbox 1140 3630 1285 3710; x_wconf 88' lang='lat' dir='ltr'>tempore</span> <span class='ocrx_word' id='word_1_171' title='bbox 1308 3626 1412 3690; x_wconf 90' lang='lat' dir='ltr'>noctis</span> 
     </span>
     <span class='ocr_line' id='line_1_29' title="bbox 543 3731 1353 3821; baseline -0.002 -24"><span class='ocrx_word' id='word_1_172' title='bbox 543 3733 691 3798; x_wconf 88' lang='lat' dir='ltr'>uidimus.</span> <span class='ocrx_word' id='word_1_173' title='bbox 737 3732 864 3798; x_wconf 85' lang='lat' dir='ltr'>adfatus</span> <span class='ocrx_word' id='word_1_174' title='bbox 888 3732 986 3796; x_wconf 89' lang='lat' dir='ltr'>etiem</span> <span class='ocrx_word' id='word_1_175' title='bbox 1008 3731 1228 3821; x_wconf 78' lang='lat' dir='ltr'>meditataque</span> <span class='ocrx_word' id='word_1_176' title='bbox 1252 3732 1353 3798; x_wconf 88' lang='lat' dir='ltr'>uerba</span> 
     </span>
    </p>
   </div>
   <div class='ocr_carea' id='block_1_5' title="bbox 330 3961 1661 4300">
    <p class='ocr_par' dir='ltr' id='par_1_7' title="bbox 330 3961 1661 4208">
     <span class='ocr_line' id='line_1_30' title="bbox 420 3961 1661 4036; baseline 0.001 -19"><span class='ocrx_word' id='word_1_177' title='bbox 420 3969 454 4017; x_wconf 86' lang='grc'>69</span> <span class='ocrx_word' id='word_1_178' title='bbox 482 3964 511 4016; x_wconf 91' lang='lat' dir='ltr'>et</span> <span class='ocrx_word' id='word_1_179' title='bbox 538 3979 633 4016; x_wconf 88' lang='lat' dir='ltr'>secure</span> <span class='ocrx_word' id='word_1_180' title='bbox 662 3962 848 4017; x_wconf 74' lang='lat' dir='ltr'>Marlloadus</span> <span class='ocrx_word' id='word_1_181' title='bbox 879 3993 913 4001; x_wconf 90' lang='lat'><em>-</em></span> <span class='ocrx_word' id='word_1_182' title='bbox 945 3961 1042 4032; x_wconf 89' lang='lat' dir='ltr'>palam</span> <span class='ocrx_word' id='word_1_183' title='bbox 1069 3961 1158 4032; x_wconf 78' lang='lat' dir='ltr'>quod3</span> <span class='ocrx_word' id='word_1_184' title='bbox 1190 3969 1283 4031; x_wconf 66' lang='lat' dir='ltr'>quos</span> <span class='ocrx_word' id='word_1_185' title='bbox 1320 3961 1402 4031; x_wconf 86' lang='lat' dir='ltr'>quio</span> <span class='ocrx_word' id='word_1_186' title='bbox 1438 3981 1523 4033; x_wconf 89' lang='lat' dir='ltr'>quom</span> <span class='ocrx_word' id='word_1_187' title='bbox 1551 3964 1661 4036; x_wconf 81' lang='lat' dir='ltr'>degeris</span> 
     </span>
     <span class='ocr_line' id='line_1_31' title="bbox 331 4040 1661 4122; baseline 0 -15"><span class='ocrx_word' id='word_1_188' title='bbox 331 4054 477 4107; x_wconf 75' lang='lat' dir='ltr'>Adrianus</span> <span class='ocrx_word' id='word_1_189' title='bbox 493 4085 525 4093; x_wconf 96' lang='lat'><em>-</em></span> <span class='ocrx_word' id='word_1_190' title='bbox 541 4058 574 4105; x_wconf 71' lang='lat' dir='ltr'>ll</span> <span class='ocrx_word' id='word_1_191' title='bbox 594 4051 695 4121; x_wconf 77' lang='lat' dir='ltr'>elysia3</span> <span class='ocrx_word' id='word_1_192' title='bbox 715 4069 783 4106; x_wconf 85' lang='lat' dir='ltr'>corr.</span> <span class='ocrx_word' id='word_1_193' title='bbox 799 4069 820 4106; x_wconf 86' lang='lat' dir='ltr'>c.</span> <span class='ocrx_word' id='word_1_194' title='bbox 850 4069 887 4104; x_wconf 83' lang='lat' dir='ltr'>ou</span> <span class='ocrx_word' id='word_1_195' title='bbox 901 4050 1046 4120; x_wconf 77' lang='lat' dir='ltr'>Elysium?</span> <span class='ocrx_word' id='word_1_196' title='bbox 1060 4084 1094 4092; x_wconf 94' lang='lat'><em>-</em></span> <span class='ocrx_word' id='word_1_197' title='bbox 1115 4057 1147 4105; x_wconf 77' lang='lat'>7⁷</span> <span class='ocrx_word' id='word_1_198' title='bbox 1166 4040 1316 4106; x_wconf 77' lang='lat' dir='ltr'>reuirescet</span> <span class='ocrx_word' id='word_1_199' title='bbox 1330 4055 1382 4105; x_wconf 79' lang='lat' dir='ltr'><strong>n</strong></span> <span class='ocrx_word' id='word_1_200' title='bbox 1409 4052 1561 4109; x_wconf 87' lang='lat' dir='ltr'>reuirescet</span> <span class='ocrx_word' id='word_1_201' title='bbox 1573 4059 1661 4122; x_wconf 48' lang='lat' dir='ltr'>rum</span> 
     </span>
     <span class='ocr_line' id='line_1_32' title="bbox 330 4140 891 4208; baseline -0.005 -11"><span class='ocrx_word' id='word_1_202' title='bbox 330 4159 399 4197; x_wconf 88' lang='lat' dir='ltr'>corr.</span> <span class='ocrx_word' id='word_1_203' title='bbox 414 4147 478 4195; x_wconf 76' lang='lat' dir='ltr'>Bao</span> <span class='ocrx_word' id='word_1_204' title='bbox 501 4175 528 4181; x_wconf 94' lang='lat'>--</span> <span class='ocrx_word' id='word_1_205' title='bbox 549 4140 636 4195; x_wconf 85' lang='lat' dir='ltr'>blessi</span> <span class='ocrx_word' id='word_1_206' title='bbox 654 4140 728 4208; x_wconf 65' lang='lat' dir='ltr'>cfill</span> <span class='ocrx_word' id='word_1_207' title='bbox 748 4145 836 4195; x_wconf 84' lang='lat'>1.191</span> <span class='ocrx_word' id='word_1_208' title='bbox 857 4173 891 4182; x_wconf 92' lang='lat'>—</span> 
     </span>
    </p>

    <p class='ocr_par' dir='ltr' id='par_1_8' title="bbox 420 4227 1661 4300">
     <span class='ocr_line' id='line_1_33' title="bbox 420 4227 1661 4300; baseline 0.006 -19"><span class='ocrx_word' id='word_1_209' title='bbox 420 4235 437 4282; x_wconf 74' lang='lat'><em>4</em></span> <span class='ocrx_word' id='word_1_210' title='bbox 456 4227 632 4284; x_wconf 84' lang='lat' dir='ltr'>Psittacus</span> <span class='ocrx_word' id='word_1_211' title='bbox 651 4229 803 4286; x_wconf 88' lang='lat' dir='ltr'>eiusdem</span> <span class='ocrx_word' id='word_1_212' title='bbox 820 4261 850 4268; x_wconf 88' lang='lat'>-</span> <span class='ocrx_word' id='word_1_213' title='bbox 867 4236 884 4283; x_wconf 80' lang='lat'>4</span> <span class='ocrx_word' id='word_1_214' title='bbox 903 4231 1045 4297; x_wconf 80' lang='lat' dir='ltr'>externas3</span> <span class='ocrx_word' id='word_1_215' title='bbox 1064 4228 1210 4284; x_wconf 86' lang='lat' dir='ltr'>hesternas</span> <span class='ocrx_word' id='word_1_216' title='bbox 1224 4234 1248 4282; x_wconf 79' lang='lat' dir='ltr'>B</span> <span class='ocrx_word' id='word_1_217' title='bbox 1275 4233 1413 4285; x_wconf 84' lang='lat' dir='ltr'>extremas</span> <span class='ocrx_word' id='word_1_218' title='bbox 1428 4232 1614 4300; x_wconf 77' lang='lat' dir='ltr'>Mortloudcs</span> <span class='ocrx_word' id='word_1_219' title='bbox 1627 4266 1661 4274; x_wconf 89' lang='lat'><em>-</em></span> 
     </span>
    </p>
   </div>
   <div class='ocr_carea' id='block_1_6' title="bbox 332 4441 1662 4782">
    <p class='ocr_par' dir='ltr' id='par_1_9' title="bbox 332 4441 1662 4677">
     <span class='ocr_line' id='line_1_34' title="bbox 419 4441 1662 4516; baseline 0.001 -17"><span class='ocrx_word' id='word_1_220' title='bbox 419 4450 453 4499; x_wconf 77' lang='grc'>64</span> <span class='ocrx_word' id='word_1_221' title='bbox 476 4441 687 4498; x_wconf 67' lang='lat' dir='ltr'>strenuuin</span> <span class='ocrx_word' id='word_1_222' title='bbox 703 4449 735 4496; x_wconf 83' lang='lat'>13</span> <span class='ocrx_word' id='word_1_223' title='bbox 765 4441 912 4498; x_wconf 73' lang='lat' dir='ltr'>Oleueutia</span> <span class='ocrx_word' id='word_1_224' title='bbox 935 4446 964 4497; x_wconf 90' lang='lat' dir='ltr'>te</span> <span class='ocrx_word' id='word_1_225' title='bbox 987 4442 1089 4496; x_wconf 82' lang='lat' dir='ltr'>fruitur</span> <span class='ocrx_word' id='word_1_226' title='bbox 1110 4443 1261 4513; x_wconf 86' lang='lat' dir='ltr'>posuitque</span> <span class='ocrx_word' id='word_1_227' title='bbox 1285 4462 1349 4498; x_wconf 85' lang='lat' dir='ltr'>suas</span> <span class='ocrx_word' id='word_1_228' title='bbox 1372 4445 1427 4500; x_wconf 89' lang='lat' dir='ltr'>hoc</span> <span class='ocrx_word' id='word_1_229' title='bbox 1450 4451 1563 4516; x_wconf 89' lang='lat' dir='ltr'>pectore</span> <span class='ocrx_word' id='word_1_230' title='bbox 1582 4447 1662 4502; x_wconf 83' lang='lat' dir='ltr'>sedes</span> 
     </span>
     <span class='ocr_line' id='line_1_35' title="bbox 332 4531 1660 4605; baseline 0.003 -17"><span class='ocrx_word' id='word_1_231' title='bbox 332 4567 364 4575; x_wconf 96' lang='lat'><em>-</em></span> <span class='ocrx_word' id='word_1_232' title='bbox 385 4539 418 4588; x_wconf 85' lang='grc'>66</span> <span class='ocrx_word' id='word_1_233' title='bbox 438 4533 505 4588; x_wconf 90' lang='lat' dir='ltr'>Silu.</span> <span class='ocrx_word' id='word_1_234' title='bbox 521 4532 533 4585; x_wconf 94' lang='lat' dir='ltr'>I</span> <span class='ocrx_word' id='word_1_235' title='bbox 549 4537 616 4586; x_wconf 80' lang='lat' dir='ltr'>3.ss</span> <span class='ocrx_word' id='word_1_236' title='bbox 637 4531 772 4586; x_wconf 86' lang='lat' dir='ltr'>blandum</span> <span class='ocrx_word' id='word_1_237' title='bbox 787 4575 792 4587; x_wconf 91' lang='lat'>.</span> <span class='ocrx_word' id='word_1_238' title='bbox 810 4576 816 4602; x_wconf 66' lang='lat'>,</span> <span class='ocrx_word' id='word_1_239' title='bbox 832 4576 836 4587; x_wconf 93' lang='lat'><em>.</em></span> <span class='ocrx_word' id='word_1_240' title='bbox 853 4533 986 4587; x_wconf 89' lang='lat' dir='ltr'>honorem</span> <span class='ocrx_word' id='word_1_241' title='bbox 1006 4565 1039 4572; x_wconf 83' lang='lat'>-</span> <span class='ocrx_word' id='word_1_242' title='bbox 1058 4539 1092 4587; x_wconf 92' lang='grc'>66</span> <span class='ocrx_word' id='word_1_243' title='bbox 1112 4531 1219 4587; x_wconf 82' lang='lat' dir='ltr'>Silull</span> <span class='ocrx_word' id='word_1_244' title='bbox 1239 4539 1263 4588; x_wconf 78' lang='lat'>⁶2.</span> <span class='ocrx_word' id='word_1_245' title='bbox 1280 4539 1294 4587; x_wconf 82' lang='grc'><strong>7</strong></span> <span class='ocrx_word' id='word_1_246' title='bbox 1313 4534 1396 4605; x_wconf 83' lang='lat' dir='ltr'>pigre</span> <span class='ocrx_word' id='word_1_247' title='bbox 1414 4533 1493 4605; x_wconf 88' lang='lat' dir='ltr'>quies</span> <span class='ocrx_word' id='word_1_248' title='bbox 1516 4536 1551 4603; x_wconf 73' lang='lat' dir='ltr'>cf.</span> <span class='ocrx_word' id='word_1_249' title='bbox 1567 4538 1660 4591; x_wconf 81' lang='lat' dir='ltr'>adnot.</span> 
     </span>
     <span class='ocr_line' id='line_1_36' title="bbox 332 4621 1398 4677; baseline 0 0"><span class='ocrx_word' id='word_1_250' title='bbox 332 4655 362 4662; x_wconf 99' lang='lat'><em>-</em></span> <span class='ocrx_word' id='word_1_251' title='bbox 386 4627 418 4677; x_wconf 78' lang='grc'>76</span> <span class='ocrx_word' id='word_1_252' title='bbox 438 4621 648 4676; x_wconf 80' lang='lat' dir='ltr'>Silu.va.aar</span> <span class='ocrx_word' id='word_1_253' title='bbox 669 4625 696 4675; x_wconf 90' lang='lat' dir='ltr'>te</span> <span class='ocrx_word' id='word_1_254' title='bbox 716 4621 767 4675; x_wconf 87' lang='lat' dir='ltr'>sub</span> <span class='ocrx_word' id='word_1_255' title='bbox 786 4623 859 4676; x_wconf 88' lang='lat' dir='ltr'>teste</span> <span class='ocrx_word' id='word_1_256' title='bbox 887 4621 1134 4676; x_wconf 58' lang='lat' dir='ltr'>valelvsscre</span> <span class='ocrx_word' id='word_1_257' title='bbox 1170 4623 1230 4677; x_wconf 91' lang='lat' dir='ltr'>luu.</span> <span class='ocrx_word' id='word_1_258' title='bbox 1246 4623 1296 4675; x_wconf 85' lang='lat' dir='ltr'>XV</span> <span class='ocrx_word' id='word_1_259' title='bbox 1310 4629 1345 4677; x_wconf 78' lang='lat'>26</span> <span class='ocrx_word' id='word_1_260' title='bbox 1365 4655 1398 4664; x_wconf 92' lang='lat'><em>-</em></span> 
     </span>
    </p>

    <p class='ocr_par' dir='ltr' id='par_1_10' title="bbox 420 4709 1660 4782">
     <span class='ocr_line' id='line_1_37' title="bbox 420 4709 1660 4782; baseline 0.002 -18"><span class='ocrx_word' id='word_1_261' title='bbox 420 4717 444 4766; x_wconf 75' lang='lat'>4.</span> <span class='ocrx_word' id='word_1_262' title='bbox 475 4719 488 4765; x_wconf 91' lang='lat' dir='ltr'>l</span> <span class='ocrx_word' id='word_1_263' title='bbox 514 4709 760 4766; x_wconf 83' lang='lat' dir='ltr'>0u.Am.ne.1</span> <span class='ocrx_word' id='word_1_264' title='bbox 794 4709 1008 4782; x_wconf 75' lang='lat' dir='ltr'>psittacus</span> <span class='ocrx_word' id='word_1_265' title='bbox 1032 4710 1171 4765; x_wconf 80' lang='lat' dir='ltr'>imitatrix</span> <span class='ocrx_word' id='word_1_266' title='bbox 1194 4711 1253 4766; x_wconf 84' lang='lat' dir='ltr'>ales</span> <span class='ocrx_word' id='word_1_267' title='bbox 1281 4744 1316 4753; x_wconf 91' lang='lat'>-</span> <span class='ocrx_word' id='word_1_268' title='bbox 1343 4719 1360 4766; x_wconf 82' lang='lat'>4</span> <span class='ocrx_word' id='word_1_269' title='bbox 1384 4713 1468 4767; x_wconf 84' lang='lat' dir='ltr'>Anth.</span> <span class='ocrx_word' id='word_1_270' title='bbox 1488 4713 1518 4767; x_wconf 89' lang='lat' dir='ltr'>P.</span> <span class='ocrx_word' id='word_1_271' title='bbox 1538 4713 1588 4767; x_wconf 84' lang='lat' dir='ltr'>Vll</span> <span class='ocrx_word' id='word_1_272' title='bbox 1609 4719 1660 4767; x_wconf 82' lang='grc'>198</span> 
     </span>
    </p>
   </div>
   <div class='ocr_carea' id='block_1_7' title="bbox 331 4797 1660 4958">
    <p class='ocr_par' dir='ltr' id='par_1_11' title="bbox 331 4797 1660 4958">
     <span class='ocr_line' id='line_1_38' title="bbox 331 4797 1660 4873; baseline 0.002 -19"><span class='ocrx_word' id='word_1_273' title='bbox 331 4798 438 4868; x_wconf 68' lang='grc' dir='ltr'><em>κάχθὲς</em></span> <span class='ocrx_word' id='word_1_274' title='bbox 457 4797 504 4854; x_wconf 73' lang='grc' dir='ltr'>ἔθ’</span> <span class='ocrx_word' id='word_1_275' title='bbox 517 4801 636 4870; x_wconf 64' lang='lat' dir='ltr'>tuscala</span> <span class='ocrx_word' id='word_1_276' title='bbox 655 4799 817 4870; x_wconf 72' lang='grc' dir='ltr'>χηραμένην</span> <span class='ocrx_word' id='word_1_277' title='bbox 837 4799 951 4873; x_wconf 80' lang='grc' dir='ltr'><strong><em>πατάγῳ</em></strong></span> <span class='ocrx_word' id='word_1_278' title='bbox 969 4803 1005 4868; x_wconf 77' lang='lat' dir='ltr'>cs.</span> <span class='ocrx_word' id='word_1_279' title='bbox 1025 4800 1129 4855; x_wconf 67' lang='lat' dir='ltr'>Kana</span> <span class='ocrx_word' id='word_1_280' title='bbox 1148 4803 1295 4856; x_wconf 85' lang='lat' dir='ltr'>comment.</span> <span class='ocrx_word' id='word_1_281' title='bbox 1315 4801 1441 4857; x_wconf 83' lang='lat' dir='ltr'>Momms.</span> <span class='ocrx_word' id='word_1_282' title='bbox 1462 4807 1512 4857; x_wconf 80' lang='lat' dir='ltr'>ael</span> <span class='ocrx_word' id='word_1_283' title='bbox 1533 4835 1568 4842; x_wconf 93' lang='lat'><em>-</em></span> <span class='ocrx_word' id='word_1_284' title='bbox 1592 4802 1660 4857; x_wconf 81' lang='lat' dir='ltr'>silu.</span> 
     </span>
     <span class='ocr_line' id='line_1_39' title="bbox 331 4888 694 4958; baseline -0.003 -16"><span class='ocrx_word' id='word_1_285' title='bbox 331 4889 344 4942; x_wconf 95' lang='lat' dir='ltr'>l</span> <span class='ocrx_word' id='word_1_286' title='bbox 362 4895 385 4944; x_wconf 88' lang='grc'><strong>6</strong></span> <span class='ocrx_word' id='word_1_287' title='bbox 402 4895 436 4944; x_wconf 81' lang='grc'>48</span> <span class='ocrx_word' id='word_1_288' title='bbox 456 4889 543 4958; x_wconf 86' lang='lat' dir='ltr'>dapes</span> <span class='ocrx_word' id='word_1_289' title='bbox 562 4888 641 4942; x_wconf 88' lang='lat' dir='ltr'>inisti</span> <span class='ocrx_word' id='word_1_290' title='bbox 659 4921 694 4929; x_wconf 97' lang='lat'>—</span> 
     </span>
    </p>
   </div>
   <div class='ocr_carea' id='block_1_8' title="bbox 0 0 1910 5567">
    <p class='ocr_par' dir='ltr' id='par_1_12' title="bbox 0 0 1910 5567">
     <span class='ocr_line' id='line_1_40' title="bbox 0 0 1910 5567; baseline 0 0"><span class='ocrx_word' id='word_1_291' title='bbox 0 0 1910 5567; x_wconf 95' lang='lat' dir='ltr'> </span> 
     </span>
    </p>
   </div>
  </div>
 </body>
</html>
