3775 5567
769 441 956 497 SILVARVM
974 443 1023 498 Vl
1500 446 1563 511 173

442 606 554 669 tantus
576 604 611 669 in
633 605 774 670 attonito
796 606 957 692 regnabat
979 610 1110 690 pectore
1133 606 1252 672 luctus!

441 732 528 775 nunc
546 710 645 777 etiam
663 712 703 777 ad
721 712 872 797 planctus
889 713 1012 800 refugit
1030 713 1095 778 iam
1114 712 1211 798 plana
1230 713 1377 800 cicatrix,
1528 733 1563 781 30

443 818 520 883 dum
542 818 698 907 canimus,
721 821 942 907 grauibusque
966 820 1068 887 oculis
1091 820 1224 886 uxorius
1247 821 1347 887 instat

444 925 556 992 imber.
592 926 757 991 habentne
775 927 848 1011 pios
867 927 1045 994 etiamnum
1062 927 1141 993 haec
1159 926 1282 993 lumina
1300 928 1418 994 fletus?

442 1032 524 1098 mira
546 1033 639 1099 fides!
674 1033 771 1099 citius
793 1034 942 1121 genetrix
964 1033 1110 1119 Sipyleia
1132 1035 1237 1101 fertur

443 1139 631 1207 exhausisse
653 1164 767 1228 genas,
790 1141 887 1207 citius
908 1141 1085 1208 Tithonida
1107 1143 1222 1209 maesti

442 1247 591 1314 deficient
613 1270 702 1314 rores
725 1253 782 1314 aut
805 1250 963 1315 exsatiata
986 1250 1114 1315 fatiscet

440 1360 544 1421 mater
565 1355 723 1421 Achilleis
745 1356 869 1422 hiemes
891 1357 1081 1445 adfrangere
1106 1356 1220 1424 bustis.

441 1466 545 1529 macte
564 1463 676 1529 animi!
712 1468 806 1530 notet
828 1464 891 1529 ista
909 1465 1001 1553 deus,
1025 1465 1080 1550 qui
1103 1466 1205 1531 flectit
1223 1466 1367 1532 habenas

442 1569 532 1635 orbis
554 1574 588 1635 et
609 1572 769 1637 humanos
791 1572 927 1657 propior
949 1571 1026 1638 Ioue
1049 1572 1168 1659 digerit
1191 1576 1295 1660 actus,

442 1682 702 1763 maerentemque
724 1678 815 1744 uidet
837 1680 977 1764 laetique
1000 1702 1116 1745 arcana
1137 1679 1277 1746 ministri

441 1785 517 1851 hinc
536 1786 634 1851 etiam
653 1785 845 1852 documenta
863 1787 965 1872 capit,
984 1786 1071 1871 quod
1089 1786 1198 1875 diligis
1217 1788 1365 1855 umbram

443 1896 477 1957 et
498 1893 579 1959 eolis
601 1894 763 1979 exequias.
808 1893 862 1959 hic
884 1897 934 1959 est
958 1893 1157 1961 castissimus
1179 1896 1287 1983 ardor,

442 1999 495 2065 hic
517 2022 608 2066 amor
629 2024 650 2065 a
672 2001 801 2067 domino
824 2002 960 2067 meritus
982 2023 1113 2068 censore
1136 2003 1278 2087 probari.

531 2129 591 2173 neo
612 2108 744 2193 mirum,
766 2108 794 2174 si
818 2130 877 2175 uos
900 2109 1017 2175 collato
1041 2113 1173 2194 pectore
1196 2110 1316 2177 mixtos

444 2212 551 2279 iunxit
573 2214 750 2300 inabrupta
772 2215 943 2282 concordia
964 2216 1064 2303 longa
1086 2221 1207 2283 catena

443 2320 500 2386 illa
522 2322 651 2407 quidem
674 2328 845 2409 nuptaque
868 2324 960 2408 prior
981 2324 1155 2411 taedasque
1179 2324 1295 2389 marito

444 2450 540 2513 passa
561 2429 639 2515 alio,
661 2431 719 2496 sed
741 2434 775 2496 te
797 2453 856 2495 ceu
878 2431 1068 2518 uirginitate
1090 2432 1238 2520 iugatum

446 2536 625 2603 uisceribus
647 2536 727 2603 totis
749 2538 919 2623 animaque
942 2539 1093 2623 amplexa
1116 2539 1264 2626 fouebat,

446 2644 585 2729 qualiter
606 2666 771 2729 aequaeuo
793 2645 947 2711 sociatam
972 2646 1106 2731 palmite
1129 2646 1231 2712 uitem

445 2751 552 2817 ulmus
574 2755 663 2817 amat
684 2752 863 2837 miscetque
887 2774 1000 2818 nemus
1024 2753 1187 2838 ditemque
1210 2760 1361 2839 precatur

444 2863 636 2925 autumnum
659 2864 693 2925 et
714 2860 797 2926 caris
819 2859 939 2947 gaudet
962 2860 1111 2926 redimita
1134 2860 1276 2926 racemis.

443 2966 616 3032 laudantur
638 2967 770 3053 proauis
792 2990 849 3033 seu
873 2967 1027 3053 pulchrae
1050 2989 1182 3033 munere
1205 2968 1340 3056 formae,

443 3096 525 3160 quae
548 3096 675 3141 morum
698 3096 828 3141 caruere
852 3075 961 3159 bonis,
983 3074 1146 3161 falsaeque
1170 3080 1321 3161 potentes

443 3181 548 3247 laudis
565 3186 664 3269 egent
682 3204 789 3267 uerae3
808 3181 871 3247 tibi
891 3204 1086 3268 quamquam
1104 3188 1137 3249 et
1156 3183 1248 3271 origo
1268 3184 1386 3249 niteret

443 3293 477 3353 et
498 3288 578 3354 felix
601 3290 725 3375 species
748 3290 951 3375 multumque
975 3290 1118 3376 optanda
1140 3291 1281 3377 maritis,

443 3418 484 3461 ex
506 3401 540 3462 te
562 3398 665 3462 maior
687 3398 804 3464 honos:
839 3420 940 3464 unum
963 3398 1092 3464 nouisse
1115 3399 1236 3487 cubile,

444 3525 544 3570 unum
567 3504 700 3571 secretis
722 3506 845 3593 agitare
869 3506 930 3571 sub
955 3507 1084 3572 ossibus
1107 3506 1223 3593 ignem.

443 3611 537 3677 illum
558 3634 617 3678 nec
640 3612 804 3701 Phrygius
827 3613 1111 3699 uitiassetraptor
1132 3637 1273 3679 amorem

443 3718 628 3785 Dulichiiue
651 3721 740 3805 proci
764 3743 823 3786 nec
846 3720 901 3807 qui
925 3724 1087 3788 fraternus
1110 3722 1236 3788 adulter

232 3874 442 3883 --.——-——-.-

319 3973 354 4021 33
387 3968 411 4023 ai
438 3968 532 4039 pelea;
565 3976 673 4026 corn?
715 3969 830 4039 Sipylea
857 3970 963 4026 seretur
990 3970 1125 4027 Heinsius
1157 4002 1189 4011 -
1228 3976 1263 4025 46
1291 3973 1464 4041 nuptumque
1480 3978 1497 4027 'o
1530 4002 1562 4013 -

232 4064 265 4111 61
284 4057 436 4113 laudentur
449 4076 464 4111 ο
477 4090 512 4099 -
526 4058 625 4129 proani
644 4075 707 4127 aeu;
725 4076 795 4116 corr.
810 4067 828 4115 ς
860 4059 974 4130 proauis
993 4062 1023 4115 et
1041 4061 1200 4117 Politiauua
1230 4060 1344 4130 proauis
1362 4063 1413 4115 aut
1431 4061 1565 4117 Hemina

230 4146 331 4217 proaui
349 4164 398 4202 seu
418 4192 424 4203 .
441 4192 469 4203 ..
488 4166 605 4204 munera
623 4149 729 4205 formae
747 4150 880 4218 Imbofiue
906 4182 940 4192 —
969 4154 1003 4203 62
1022 4149 1163 4219 falsoquc;
1187 4150 1405 4207 occultaturus
1436 4150 1564 4219 falsaque

230 4236 373 4293 Meuraius
392 4270 427 4279 -

320 4476 354 4526 29
372 4470 460 4527 Theb.
474 4470 553 4527 1117
576 4472 666 4528 maior
682 4472 713 4527 in
726 4473 828 4545 exiguo
846 4474 986 4545 regnabat
1003 4490 1118 4544 corpore
1136 4473 1227 4529 uirtus
1245 4476 1280 4541 cf.
1295 4473 1355 4530 Vt.
1366 4479 1400 4529 26
1420 4504 1454 4515 -
1473 4480 1507 4528 33
1526 4476 1562 4542 rs.

229 4562 268 4617 ud
286 4560 460 4617 111111-
478 4567 514 4615 64
532 4560 619 4618 Theb.
634 4562 660 4616 X
676 4568 726 4617 168
744 4563 930 4632 exhauritque
949 4578 1036 4633 genas
1050 4594 1085 4603 -
1103 4569 1138 4618 47
1158 4562 1325 4619 Siluvea
1344 4563 1454 4618 uiscera
1467 4566 1563 4617 nostra

230 4652 329 4705 teum
347 4649 528 4720 animamque
546 4658 572 4707 et
589 4653 623 4720 cf.
638 4654 676 4707 ud
695 4653 767 4707 1116,
779 4658 814 4706 60
831 4684 867 4693 -
884 4658 920 4707 16
939 4652 1129 4709 Commodias.
1144 4652 1225 4709 lustr.
1241 4652 1317 4707 XXX
1333 4658 1365 4706 16
1384 4652 1458 4707 sieut
1470 4650 1562 4706 ulmus

230 4743 309 4796 amat
335 4738 424 4794 uitem
450 4770 486 4781 -
517 4746 552 4795 66
574 4740 674 4796 Alcim.
694 4742 770 4796 huit.
789 4741 876 4797 Laud.
895 4742 967 4813 nirg.
987 4748 1039 4796 624
1072 4745 1157 4811 atque
1185 4760 1270 4797 unum
1298 4758 1380 4797 nosse
1408 4740 1501 4797 cubile
1529 4774 1562 4783 —-

229 4836 265 4883 66
287 4830 370 4901 Verg.
385 4829 418 4884 G.
432 4828 472 4883 III
485 4836 539 4884 268
570 4830 616 4885 cui
636 4833 732 4886 uersat
754 4831 784 4885 in
802 4831 913 4886 ossibus
932 4831 1028 4901 ignem
1051 4830 1137 4885 durus
1156 4848 1234 4886 arnor
1252 4832 1320 4888 hen,
1340 4832 1420 4886 1660
1451 4831 1562 4885 ossibus

230 4917 358 4990 implicet
375 4919 471 4990 iguem
488 4952 523 4961 -
