3775 5567
844 433 875 491 P.
895 433 1033 491 Parnm
1050 435 1170 493 s'l'sffl

551 603 650 684 terre,
673 599 794 684 premit
816 599 895 665 felix
918 620 1035 688 regum
1057 600 1240 666 diademata
1261 601 1379 686 Roma,

549 705 632 772 hano
655 706 793 772 ducibus
815 707 942 774 irenae
965 708 1091 793 datum,
1112 731 1189 774 mox
1208 709 1324 776 erescit
1342 708 1377 773 in
1399 708 1474 774 illos

550 813 724 898 imperium
748 814 890 902 superis,
913 814 971 879 sed
992 815 1117 881 babent
1139 821 1173 882 et
1194 817 1328 882 numius
1350 817 1471 904 legem:

548 921 650 987 seruit
673 927 707 987 et
729 927 891 988 astrorum
914 923 1011 988 uelox
1034 923 1153 988 ohorus
1175 928 1209 989 et
1230 943 1316 1012 uaga
1338 925 1440 990 seruit

549 1027 627 1093 luna
647 1051 708 1094 neo
730 1029 872 1096 iniussae
894 1030 1017 1096 totiens
1038 1031 1123 1095 redit
1146 1030 1256 1096 orbita
1276 1031 1360 1097 lueis

549 1139 582 1202 et
600 1173 645 1184 -
663 1137 759 1202 modo
778 1137 806 1202 si
824 1137 874 1202 ias
892 1141 943 1202 ast
961 1157 1100 1222 aequare
1119 1137 1258 1203 iaeentis
1276 1138 1413 1203 summis
1432 1138 1474 1186 -‘

549 1243 687 1327 pertulit
709 1248 743 1310 et
765 1245 855 1310 saeui
877 1243 1070 1331 Tirynthius
1092 1244 1223 1310 horrida
1245 1246 1333 1332 regis

550 1355 647 1435 psots
668 1373 728 1417 neo
752 1351 885 1418 erubuit
907 1352 1096 1417 famulantis
1120 1351 1230 1418 fistula
1251 1351 1386 1418 Phoebi.

550 1458 607 1523 sed
628 1481 737 1544 neque
761 1459 942 1526 barbaricis
963 1459 1058 1526 Latio
1082 1459 1291 1524 transmissus
1313 1461 1355 1526 ab
1379 1460 1457 1526 orisz

549 1563 687 1651 Smyrna
708 1551 774 1632 tibi
796 1567 919 1654 gentile
941 1566 1048 1632 solum
1071 1571 1235 1652 potusque
1257 1567 1398 1633 uerendo

552 1673 643 1738 fonte
665 1671 768 1738 Meles
789 1672 968 1758 Hermique
989 1673 1123 1759 uadum,
1146 1695 1210 1758 quo
1228 1673 1351 1759 Lydius
1373 1675 1475 1740 intrat

552 1779 699 1845 Bacchus
721 1785 755 1846 et
776 1785 890 1846 aurato
913 1781 1018 1846 mlieit
1039 1803 1098 1846 aua
1120 1801 1241 1846 oornus
1262 1781 1350 1846 limo.

551 1886 637 1952 laeta
661 1886 776 1953 dehino
799 1887 898 1954 series
920 1888 1085 1973 umiisque
1107 1910 1148 1953 ex
1171 1889 1284 1954 ordine
1306 1888 1392 1954 euris

551 1999 666 2060 suetus
684 1993 788 2060 honos
806 2015 999 2080 semperque
1016 1995 1120 2082 grudu
1137 2017 1241 2081 prope
1258 1995 1404 2062 numina:
1439 2019 1569 2082 semper

556 2100 746 2167 Caesareum
769 2102 907 2168 coluisse
929 2101 1017 2167 latus
1039 2102 1203 2188 morisque
1226 2102 1358 2169 deorum

553 2209 677 2275 meanis
700 2209 831 2275 haerere
855 2208 975 2276 datum.
1020 2209 1172 2276 Tibereia
1193 2210 1337 2294 primum

552 2317 625 2381 suls
647 2315 711 2382 tibi
734 2316 869 2381 uixdum
892 2339 949 2382 ora
970 2337 1058 2382 nous
1078 2321 1227 2382 mutante
1248 2317 1381 2383 iuuenta

552 2423 706 2509 panditur
729 2461 772 2471 —
795 2424 848 2489 hie
871 2423 965 2488 annis
987 2424 1092 2489 multa
1112 2444 1213 2510 super
1235 2424 1343 2491 indole
1366 2425 1462 2491 uictis

551 2530 688 2596 libertas
711 2530 822 2597 oblata
843 2531 935 2597 uenit
957 2567 1004 2580 --
1024 2553 1085 2597 nee
1107 2531 1278 2617 proximus
1299 2531 1405 2616 heres,

551 2637 686 2704 immitis
709 2660 905 2724 quamquam
929 2645 963 2704 et
984 2638 1093 2704 Furiis
1114 2639 1271 2726 agitatus,
1293 2638 1414 2726 abegit

549 2746 625 2812 hino
647 2751 681 2812 et
704 2747 739 2812 in
761 2748 898 2814 Arotoas
920 2747 1029 2813 tenuis
1051 2768 1160 2812 eomes
1181 2767 1284 2832 usque
1307 2747 1440 2832 pruinas

549 2853 730 2920 terribilem
752 2853 863 2920 adlatu
886 2877 1002 2940 pessus
1024 2854 1162 2940 uisuque
1183 2857 1360 2940 tyrannum

549 2962 786 3047 immanemque
808 2962 889 3047 suis,
912 2967 950 3034 ut
973 2962 1029 3047 qui
1050 2961 1224 3028 metuenda
1246 2963 1386 3028 ferarum

548 3069 645 3134 eorda
662 3069 795 3135 domant
811 3091 1000 3155 mersaeque
1017 3069 1132 3135 iubent
1151 3069 1216 3135 iarn
1234 3070 1392 3157 sanguine
1409 3075 1496 3136 teoto

550 3176 682 3242 reddere
704 3177 745 3242 ab
771 3199 825 3243 ore
848 3197 964 3244 manus
986 3182 1019 3242 et
1040 3177 1132 3242 nulle
1153 3177 1265 3243 uiuere
1287 3178 1415 3262 praeda

549 3284 742 3370 praecipuos
764 3283 821 3350 sed
843 3284 929 3352 'enim
952 3285 1069 3350 merito
1092 3285 1233 3349 surrexit
1255 3284 1290 3348 in
1311 3290 1404 3350 sotus

547 3391 691 3457 nondum
714 3391 916 3478 stelligerum
939 3390 1048 3456 senior
1070 3389 1221 3456 dimissus
1242 3390 1278 3455 in
1300 3411 1393 3456 arem

550 3497 702 3566 Claudius
725 3503 758 3563 et
780 3496 879 3586 longo
902 3497 1096 3564 transmittit
1118 3497 1239 3563 babere
1261 3496 1383 3583 nepoti.
1407 3535 1451 3546 —-

547 3605 621 3691 quis
639 3627 774 3691 superos
792 3611 941 3672 metuens
959 3605 1083 3691 pariter
1100 3609 1152 3670 tot
1169 3605 1305 3690 templa,
1323 3607 1375 3670 tot
1391 3627 1464 3670 arus

333 3761 546 3772 ——

422 3860 455 3911 61
475 3854 553 3910 lilius
567 3854 668 3924 intrat3
696 3873 764 3912 coir.
783 3855 872 3909 3¹10
890 3873 976 3926 uturp.
991 3873 1006 3909 e
1020 3887 1053 3896 -
1072 3860 1107 3910 64
1125 3853 1230 3926 gradus
1244 3853 1418 3926 Peyroredus
1430 3853 1513 3925 gredi
1526 3857 1669 3912 Meiersius

334 3975 368 3986 -
387 3950 421 4001 tt
440 3943 614 4013 Caesarium
642 3961 712 4001 oorr.
726 3963 744 3998 a
763 3977 796 3986 -
815 3950 849 4000 69
868 3943 986 4000 liturus
1006 3947 1105 4015 optatu
1123 3945 1330 4012 Hirsebfeldises
1347 3974 1381 3984 —
1409 3948 1442 3998 78
1459 3942 1667 4016 immanemque

333 4033 412 4090 subis
429 4036 501 4092 idere
519 4065 553 4076 -
573 4039 606 4090 te
625 4034 758 4090 rubuerit
775 4033 978 4105 Politieaees(t)
996 4035 1131 4091 Heinsius
1149 4063 1182 4076 -
1201 4034 1232 4090 in
1249 4036 1341 4102 artua3
1361 4051 1430 4090 sorr.
1450 4033 1610 4091 Politisese
1625 4028 1666 4076 '-

333 4127 366 4177 74
382 4122 532 4192 demissum
550 4140 619 4180 sorr.
634 4123 809 4196 Peyraredse
821 4155 856 4166 -—
871 4129 904 4178 ’48
918 4123 1036 4196 longum
1051 4124 1202 4180 Gerounion
1214 4156 1249 4165 -
1263 4122 1422 4180 transmisit
1434 4124 1621 4181 Morttondae
1631 4155 1667 4166 -·

334 4217 367 4268 79
385 4229 518 4284 superum
535 4215 663 4268 metuens
684 4214 809 4284 Genetes
826 4245 862 4255 -

421 4467 456 4518 64
474 4463 638 4520 ,leniuit
657 4462 757 4520 eborus
773 4467 970 4520 ...astrorum
987 4461 1665 4535 -Siln.14.86uaga...luua-btbuoan.

330 4551 369 4607 IX
384 4557 434 4608 eal
464 4553 558 4608 orbita
581 4551 649 4608 solis
672 4553 735 4610 Val.
754 4551 795 4610 ul.
815 4553 853 4609 VI
867 4561 921 4610 442
954 4556 1052 4612 Anien
1072 4557 1150 4611 Aret.
1171 4559 1224 4610 too
1255 4553 1354 4609 Claud.
1377 4553 1408 4608 in
1428 4553 1493 4610 ltus.
1507 4555 1536 4608 Il
1550 4559 1602 4609 ltt
1629 4585 1663 4595 —

331 4647 364 4697 tr
375 4641 1074 4701 Silu.1V2.tohorridaiussa-t8Luosn.VItte
1088 4643 1254 4700 famulantis
1262 4659 1371 4716 maana
1379 4644 1528 4700 Phoebi—
1536 4643 1664 4698 tol'heb.

330 4729 383 4786 XII
397 4737 449 4787 895
467 4731 574 4803 gentile
591 4731 682 4788 solum
700 4733 765 4789 Teo.
780 4735 852 4791 dnn.
867 4735 906 4790 111
921 4741 956 4790 te
975 4738 1010 4805 cs.
1024 4738 1063 4791 mi
1079 4735 1120 4790 111
1133 4741 1158 4790 t.
1173 4741 1207 4790 82
1232 4765 1265 4776 -
1288 4738 1323 4789 49
1341 4734 1427 4792 dntb.
1446 4733 1533 4806 epigr.
1554 4737 1664 4788 latit

329 4823 472 4892 proximus
494 4821 575 4878 heres
602 4855 637 4864 -
666 4827 700 4878 78
723 4823 820 4881 Claud.
835 4825 905 4882 Bell.
921 4825 983 4881 Got.
998 4829 1052 4881 ets
1074 4826 1189 4897 spelaea
1212 4825 1290 4880 subit
1306 4824 1459 4881 metuende
1477 4823 1599 4878 serarum
1629 4853 1661 4864 -

384 4911 466 4984 ”erg
481 4913 514 4969 A.
529 4913 568 4968 lli
583 4917 635 4969 829
653 4911 847 4986 famulamque
861 4915 970 4972 Heleno
984 4915 1144 4972 transmisit
1161 4915 1323 4974 habendam
1339 4946 1375 4958 —-
