3775 5567
755 444 942 502 SILVARVM
960 445 999 500 111
1017 451 1034 504 ²

444 606 506 673 duo
529 612 643 693 portus
666 607 827 694 urbesque
849 612 931 675 tuas.
977 613 1011 674 te
1034 608 1181 694 praeside
1203 614 1330 696 noseat,

445 715 529 780 unde
553 714 702 800 paludosi
725 715 861 781 fecunda
883 715 1016 782 lieentia
1036 715 1120 802 Nili,

442 845 499 889 our
522 823 604 888 uada
627 822 774 888 desidant
798 827 830 888 st
853 822 925 908 ripa
948 828 1094 890 eoaroeat
1116 823 1218 889 undas

443 928 599 1015 Cecropio
623 934 775 1018 stagnata
796 929 881 1014 luto,
903 951 962 996 our
983 929 1094 996 inuida
1115 930 1279 1015 Memphis

443 1059 540 1103 ourue
563 1036 765 1123 'lhsrapnaei
788 1036 937 1103 lasciuiat
961 1059 1017 1103 ora
1041 1036 1179 1125 Canopi,

443 1166 500 1210 our
522 1149 630 1210 seruet
651 1145 786 1212 Pharias
808 1144 970 1210 Lethaeus
993 1144 1113 1210 ianitor
1135 1167 1220 1231 aras,

442 1251 521 1317 uilia
543 1274 600 1318 eur
622 1273 758 1340 magnos
776 1255 915 1336 aequent
938 1251 1090 1317 animalia
1112 1252 1218 1338 diuos;

443 1381 525 1445 quae
548 1359 613 1426 sibi
635 1363 838 1446 praesternat
861 1358 960 1424 uiuax
983 1357 1098 1425 altaria
1119 1358 1280 1448 Phoenix,

443 1489 524 1552 quos
548 1467 700 1556 dignetur
722 1489 817 1554 agros
839 1470 897 1531 aut
921 1487 986 1552 quo
1009 1489 1043 1532 se
1066 1467 1197 1554 gurgite
1219 1467 1288 1534 Nili

443 1579 569 1662 mergat
591 1574 743 1640 adoratus
765 1573 903 1659 trepidis
925 1573 1114 1658 pastoribus
1135 1574 1227 1660 Apis.

444 1683 504 1748 duo
527 1686 561 1748 et
584 1682 624 1746 ad
646 1681 816 1747 Emathios
839 1703 964 1767 manes,
986 1681 1044 1746 ubi
1068 1681 1206 1769 belliger
1228 1682 1320 1748 urbis

443 1789 590 1854 eonditor
612 1787 762 1873 Hyblaeo
785 1788 936 1872 perfusus
958 1792 1088 1854 nectara
1111 1789 1218 1874 durat,

443 1896 711 1984 anguiferamque
730 1895 874 1981 domum,
893 1895 1013 1962 blando
1032 1917 1097 1981 qua
1115 1919 1219 1962 mersa
1237 1920 1361 1964 ueneno

444 2003 555 2070 Actias
578 2003 739 2069 Ausonias
762 2003 849 2091 fugit
872 2002 1044 2088 Cleopatra
1066 2007 1204 2070 ostenae.

443 2133 547 2197 usquo
571 2113 604 2176 et
627 2110 661 2175 in
684 2109 835 2195 Assyrias
858 2110 950 2176 sedes
972 2110 1186 2196 mandataque
1209 2117 1314 2177 easta

443 2240 639 2304 prosequere
663 2222 696 2282 et
717 2216 816 2282 Marti
839 2217 1005 2301 iuuenem,
1027 2217 1099 2303 des,
1122 2217 1212 2284 trade
1234 2218 1359 2286 Latino.

443 2348 502 2392 nee
523 2348 629 2392 nouus
651 2325 772 2410 hospes
795 2324 870 2391 erit:
907 2347 989 2410 puer
1011 2325 1064 2389 his
1086 2325 1216 2391 sudauit
1238 2327 1272 2391 in
1295 2327 1381 2392 eruis

443 2438 540 2499 notus
563 2433 668 2499 adhue
690 2436 818 2497 tantum
841 2432 972 2498 maioris
994 2432 1115 2498 lumine
1138 2432 1236 2519 elaui,

441 2541 506 2606 iam
529 2546 638 2606 tamen
661 2544 695 2606 et
717 2543 841 2605 turmas
864 2539 953 2605 faoili
975 2545 1181 2625 praeuertere
1203 2563 1287 2628 gyro

442 2647 538 2714 fortis
561 2652 595 2713 et
617 2647 704 2712 ans
727 2646 831 2714 iaoulo
855 2646 1007 2737 damnem
1029 2647 1188 2734 sagittas?

530 2778 608 2843 ergo
632 2755 694 2820 erit
717 2753 773 2820 illa
796 2753 877 2841 dies,
902 2759 1022 2840 quate
1045 2755 1167 2821 maiora
1190 2756 1323 2821 daturus

441 2861 557 2928 Caesar
579 2863 621 2928 ab
645 2861 779 2927 emerito
803 2861 915 2927 iubeat
938 2862 1100 2928 discedere
1124 2863 1211 2930 bello

440 2992 560 3036 aenos
583 2970 645 3036 hoo
667 2969 786 3034 iterum
809 2973 931 3034 stantes
955 2969 1107 3036 inlitora
1131 2975 1242 3037 uastos

441 3099 608 3142 cernemus
630 3077 748 3141 fluetus
771 3076 914 3161 aliasque
937 3076 1127 3163 rogabimus
1148 3080 1255 3144 auras!

441 3206 460 3250 o
484 3189 555 3249 turn
579 3187 719 3269 quantus
742 3205 803 3272 ego
827 3188 884 3248 aut
908 3188 1031 3269 quante
1055 3184 1167 3250 uotiua
1189 3186 1329 3252 mouebo

441 3291 566 3376 plectra
588 3291 672 3376 lyra,
695 3313 768 3356 oum
791 3313 842 3356 me
865 3313 985 3378 magna
1007 3291 1131 3357 oeruioe
1153 3290 1292 3380 ligatum

441 3398 571 3464 attolles
593 3397 737 3464 humeris
760 3401 859 3483 atque
883 3397 918 3463 in
940 3420 1012 3462 mee
1035 3403 1168 3482 pectora
1190 3399 1332 3484 primum

442 3505 608 3572 incumbes
631 3528 649 3571 s
673 3527 785 3591 puppe
807 3527 913 3570 nouus
936 3511 1130 3591 seruataque
1153 3506 1267 3571 reddes

439 3613 602 3699 colloquia
624 3611 724 3697 inque
748 3612 853 3677 uicem
875 3612 999 3678 medios
1021 3612 1226 3679 narrabimus
1248 3635 1363 3680 annos:

439 3725 476 3786 tu
499 3719 648 3805 rapidum
671 3719 864 3805 Euphraten
888 3724 921 3786 et
944 3721 1035 3807 regia
1057 3720 1175 3786 Baetra
1196 3742 1367 3806 sacrasque

438 3828 591 3914 antiquae
613 3827 792 3912 Babylonis
816 3849 895 3912 opes
919 3831 952 3893 et
975 3827 1131 3915 Zeugma,
1152 3827 1288 3893 Latinae

438 3935 528 4020 paois
551 3935 627 4020 iter,
650 3957 713 4020 qua
737 3931 828 3999 dulae
851 3955 967 3999 nemus
989 3934 1135 4000 florentis
1156 3932 1300 4022 ldumes,

438 4064 501 4127 qua
524 4041 667 4127 pretiosa
690 4040 793 4126 Tyros
819 4041 948 4125 rubeat,
973 4063 1038 4125 qua
1060 4063 1205 4126 purpura
1227 4064 1303 4108 suco

315 4259 366 4308 110
384 4255 536 4324 smgnsnte
554 4253 614 4308 luto
632 4258 656 4306 B
678 4285 713 4293 —
742 4258 793 4306 119
810 4268 905 4308 morsa
923 4269 1031 4308 ueneno
1052 4253 1185 4310 Heinsius
1216 4269 1308 4311 mersa
1325 4259 1442 4311 aeterno
1462 4256 1561 4313 Mart·

225 4344 325 4398 laudm
353 4376 386 4385 -
416 4348 467 4398 123
484 4342 529 4397 hia
553 4342 610 4413 (hle
628 4345 655 4412 a)
679 4340 795 4396 sudauit
812 4342 842 4396 in
866 4341 966 4411 armi„
990 4349 1098 4398 coms
1127 4375 1160 4384 -
1192 4349 1243 4398 124
1265 4343 1379 4400 numine
1402 4347 1496 4415 (etium
1514 4346 1563 4416 Ρ)

224 4432 312 4502 eleui3
337 4431 545 4489 comitalibus
577 4448 691 4487 munera
711 4439 728 4486 ς
748 4464 783 4473 -
808 4437 858 4486 123
878 4431 972 4486 facilis
990 4435 1168 4502 praeuertere
1190 4433 1252 4489 Otto
1270 4437 1495 4490 —129etnos
1515 4440 1563 4489 ΑΒ

225 4555 257 4564 -
279 4527 331 4577 134
349 4520 527 4590 incumbens3
547 4539 614 4578 corr.
636 4540 649 4575 a
668 4554 701 4562 -
723 4527 772 4576 137
794 4539 904 4589 aenma;
923 4539 992 4578 eorr.
1012 4539 1026 4574 a
1044 4555 1078 4564 —
1104 4527 1154 4578 138
1173 4539 1259 4592 quam
1277 4523 1359 4577 dulce
1377 4523 1565 4580 Buebrmiae

227 4643 260 4652 -·
281 4617 332 4667 133
352 4629 407 4682 qno
481 4627 537 4682 quo
553 4612 674 4667 ...luco
695 4612 855 4668 Groaouiue
874 4643 906 4652 -

313 4833 364 4882 123
384 4826 453 4884 sila
468 4827 491 4882 V
508 4833 532 4884 2.
549 4833 601 4882 134
620 4826 736 4902 sudabis
754 4827 784 4882 in
803 4826 880 4882 aruir
903 4859 937 4868 —
966 4832 1018 4882 123
1036 4827 1261 4898 Vsrg.A.1118
1281 4829 1382 4882 nantes
1400 4825 1431 4880 in
1449 4826 1562 4898 gurgite

228 4919 310 4972 ussto
331 4949 364 4958 —
385 4923 437 4972 132
456 4917 564 4974 silan
579 4924 603 4973 1.
619 4923 671 4971 202
690 4932 851 4988 magnaque
870 4916 943 4988 ligat
961 4918 1070 4974 ceruice
1088 4949 1124 4958 —
