3775 5567
748 479 933 534 suvsnvu
953 479 1025 534 1111

433 645 618 713 innumerae
642 643 746 710 coiere
769 666 890 710 manus
933 643 985 710 his
1008 644 1139 710 caedere
1162 643 1261 710 siluas

435 756 468 817 et
489 752 598 818 leuare
620 752 743 836 trebes,
766 750 831 817 illis
855 751 1046 838 immergere
1069 773 1163 818 curae

433 859 643 926 fundamenta
665 858 743 935 solo.
788 858 941 942 coquitur
964 880 1041 943 pars
1062 856 1195 923 humida
1218 863 1322 924 terrae
1503 872 1554 922 120

433 970 620 1052 protectura
642 965 765 1031 hiemes
788 970 885 1050 atque
908 965 1078 1032 exclusura
1101 965 1234 1050 pruinas

434 1073 674 1159 indomitusque
697 1072 779 1138 silex
802 1094 902 1138 ciuus
923 1073 1054 1138 fornace
1075 1072 1235 1157 liquescit.

434 1181 626 1268 praecipuus
649 1181 706 1246 sed
729 1179 815 1246 enim
837 1179 931 1246 labor
954 1184 1005 1246 est
1027 1180 1196 1247 excindere
1219 1180 1333 1247 dextra

436 1288 605 1375 oppositae
627 1309 726 1373 rupes
748 1291 783 1352 et
805 1309 882 1354 sexa
904 1287 1059 1374 negantia
1081 1288 1183 1372 ferr03

434 1397 488 1464 hio
510 1400 604 1481 pater
626 1395 698 1480 ipse
720 1393 783 1460 loci
807 1393 924 1480 positis
946 1393 1137 1479 Tirynthius
1159 1394 1257 1460 armis

435 1504 564 1570 insudat
586 1502 757 1588 ualidaque
780 1502 884 1568 solum
908 1502 1050 1568 deforme
1075 1501 1223 1586 bipenni,

435 1635 508 1678 cum
530 1633 630 1698 grene
652 1613 812 1676 nocturne
834 1609 960 1674 caelum
982 1609 1169 1676 subtexitur
1191 1609 1320 1694 umbra,

435 1719 505 1805 ipse
528 1717 619 1784 fodit.
660 1717 808 1802 ditesque
831 1715 955 1801 Caprae
973 1715 1158 1802 uiridesque
1180 1717 1341 1784 resultent

435 1825 639 1893 Taurubulae
663 1828 696 1890 et
719 1824 815 1890 terris
837 1823 953 1911 ingens
976 1824 1060 1890 redit
1083 1824 1232 1910 aequoris
1254 1826 1342 1891 echo.

435 1957 500 2002 non
523 1938 591 1999 tam
614 1932 734 2019 grands
758 1935 852 1997 sonat
874 1931 973 1997 motis
995 1931 1168 1997 incudibus
1189 1931 1308 2018 Aetne,

436 2065 508 2108 eum
527 2039 666 2106 Brontes
685 2037 901 2124 Steropesque
920 2038 1010 2122 ferit,
1028 2061 1088 2106 neo
1105 2038 1209 2104 maior
1226 2040 1268 2105 ab
1287 2039 1389 2107 antris

434 2147 614 2215 Lemniacis
637 2147 748 2232 fragor
770 2149 833 2232 est,
855 2145 913 2212 ubi
936 2146 1105 2212 flammeus
1126 2146 1242 2234 aegida
1264 2148 1367 2213 caelat

434 2255 594 2322 Mulciber
617 2258 650 2319 et
672 2253 771 2319 castis
794 2257 929 2319 exornat
951 2253 1086 2319 Palleda
1107 2253 1208 2320 donis.

437 2365 626 2430 decrescunt
648 2361 773 2446 scopuli
797 2364 830 2426 et
853 2383 945 2426 rosea
967 2361 1029 2426 sub
1053 2360 1124 2426 luce
1147 2361 1269 2428 reuersi

435 2471 575 2537 artifices
597 2468 756 2534 mirantur
779 2489 870 2552 opus.
916 2467 972 2532 uix
995 2489 1100 2534 annus
1122 2467 1254 2535 anhelat

435 2580 531 2664 alter,
554 2581 587 2642 et
610 2575 736 2664 ingenti
760 2575 850 2640 diues
872 2573 1064 2660 Tirynthius
1086 2598 1159 2642 arce

436 2687 602 2770 despectat
625 2685 742 2748 fluctus
766 2687 799 2747 et
820 2682 949 2748 iunctae
972 2687 1059 2750 tecta
1080 2705 1238 2750 nouercae

437 2796 594 2879 prouocat
616 2795 650 2856 et
673 2789 781 2877 dignis
803 2788 923 2856 inuitat
945 2789 1078 2856 Pallada
1100 2791 1241 2875 templis.

436 2901 501 2966 iam
520 2897 664 2984 placidae
682 2897 761 2962 dant
779 2896 873 2984 signa
891 2897 1003 2981 tubae,
1022 2897 1087 2962 iam
1104 2897 1247 2964 fortibus
1264 2899 1380 2966 ardens

435 3008 540 3073 fumat
562 3005 682 3070 harena
704 3003 815 3070 saeris:
851 3004 994 3069 bosnec
1015 3003 1149 3071 Pisaeus
1171 3005 1311 3072 honores

435 3113 584 3199 Iuppiter
606 3116 664 3178 aut
686 3110 818 3178 Cirrhae
841 3116 935 3196 pater
957 3117 1149 3196 aspernetur
1171 3135 1299 3198 opacae.
1459 3177 1464 3186 ,

351 3279 353 3284 .
436 3220 483 3286 nil
506 3219 559 3286 his
581 3219 676 3286 triste
699 3218 792 3284 locis:
829 3217 921 3284 cedat
944 3218 1154 3285 lacrimabilis
1175 3218 1332 3306 Isthmos,

437 3328 530 3394 cedat
552 3331 646 3394 atrox
669 3325 805 3410 Nemee,
827 3325 902 3390 litat
924 3325 978 3391 hic
1000 3324 1125 3392 felicior
1148 3326 1263 3393 infans.

437 3434 526 3520 ipsae
551 3433 708 3520 pumiceis
730 3432 851 3498 uirides
873 3431 1029 3499 Nereides
1052 3434 1154 3500 antris

437 3541 575 3610 exiliunt
598 3541 697 3606 ultro:
735 3539 878 3625 scopulis
901 3541 1089 3608 umentibus
1111 3542 1246 3608 haerent

437 3671 496 3716 nee
519 3648 621 3734 pudet
643 3647 769 3714 occulte
790 3647 893 3714 nudas
916 3652 1063 3733 spectare
1086 3650 1273 3734 palaestras.

437 3760 565 3843 spectat
587 3761 620 3822 et
642 3755 745 3822 Ieario
768 3777 958 3822 nemorosus
981 3756 1115 3841 palmite
1137 3755 1265 3824 Gaurus

439 3864 599 3949 siluaque,
622 3883 703 3948 quas
726 3863 824 3928 fixam
848 3862 966 3949 pelago
988 3862 1110 3928 Nesida
1132 3870 1278 3949 coronat,

438 3976 471 4037 et
494 3970 641 4056 placidus
663 3969 780 4037 Limon
803 3991 961 4055 omenque
983 3969 1133 4055 Euploea
1154 3971 1273 4038 earinis

315 4154 366 4204 173
385 4147 514 4218 ditesque
527 4163 624 4218 capre,
653 4145 726 4201 diter
741 4144 864 4216 Capreae
879 4165 893 4202 o
908 4178 940 4188 -
962 4152 1013 4202 133
1031 4146 1089 4201 iam
1104 4145 1226 4202 sortibus
1240 4147 1356 4219 Lipsiae
1367 4148 1427 4204 iam
1440 4147 1558 4203 insonti-

226 4239 279 4294 bus
302 4239 489 4294 marinaeus
515 4270 549 4279 —
579 4241 630 4292 143
653 4252 778 4306 nemeae,
802 4243 908 4292 corr&
935 4268 969 4276 -
998 4241 1051 4292 144
1074 4235 1202 4307 puniceis
1220 4237 1258 4291 Δ·
1277 4239 1368 4307 codd.;
1396 4255 1465 4295 corr.
1484 4257 1502 4292 a
1524 4271 1558 4280 -

227 4334 277 4383 143
295 4327 364 4383 limo
382 4342 553 4396 numenque;
580 4324 668 4380 limon
686 4331 710 4380 Α
737 4341 874 4394 omenque
894 4325 1019 4397 (layum
1037 4358 1072 4367 -

315 4511 367 4562 113
395 4505 463 4562 suu.
478 4503 517 4560 Ν
531 4509 555 4560 t.
570 4509 605 4560 43
633 4521 649 4560 o
672 4507 796 4574 quantae
821 4503 927 4575 pariter
950 4521 1051 4560 manua
1078 4503 1222 4561 laborant!
1253 4504 1285 4561 bi
1312 4506 1435 4562 caedunt
1460 4523 1558 4562 nemus

225 4599 385 4667 exuuntque
403 4598 526 4664 montes,
550 4595 578 4650 hi
597 4595 670 4649 ferro
689 4594 818 4664 scopulos
841 4594 992 4664 trabesque
1011 4593 1109 4650 leuant
1135 4627 1169 4636 -
1198 4601 1250 4650 130
1267 4596 1353 4650 Anth.
1367 4595 1455 4667 epigr.
1470 4601 1558 4650 3934

225 4685 410 4742 fundamenta
433 4685 492 4740 eolo
520 4716 555 4725 —
585 4691 635 4739 113
654 4683 737 4756 Verg.
756 4683 935 4738 17111441
958 4684 1073 4740 fornace
1090 4683 1224 4755 liquescit
1246 4719 1281 4728 —
1305 4690 1355 4740 137
1375 4684 1462 4740 Theb.
1478 4685 1557 4740 1346

225 4774 352 4830 subtexit
364 4791 421 4829 nox
434 4776 497 4828 atra
510 4773 591 4844 polos
614 4772 700 4828 Theb.
711 4773 737 4828 11
747 4777 798 4828 377
818 4775 951 4844 coeperat
964 4773 1071 4830 umenti
1084 4773 1229 4831 Phoebum
1242 4776 1390 4830 subtexere
1403 4773 1483 4845 palla
1496 4774 1558 4831 Nox

224 4867 261 4932 cs.
277 4863 383 4918 111413
407 4895 440 4906 -
470 4869 520 4920 130
538 4863 621 4935 Verg.
636 4861 669 4918 G.
684 4862 722 4918 IV
737 4868 788 4916 173
811 4863 901 4933 gemit
918 4862 1060 4933 impositis
1078 4863 1227 4920 incudibus
1245 4866 1339 4920 Aetna
1360 4895 1396 4906 -
1419 4869 1469 4918 131
1489 4865 1558 4940 Silo.

226 4953 311 5008 114
330 4953 475 5025 Steropem
493 4953 681 5022 Brontemque
700 4983 733 4993 —
754 4951 969 5008 1493111117.
985 4957 1019 5010 73
1038 4969 1119 5010 omen
1137 4952 1205 5010 felix
1222 4954 1351 5026 Euploea
1366 4952 1470 5012 carinis
1488 4986 1523 4998 -
