3775 5567
758 444 944 501 SILVARVII
962 445 1013 501 Vl
1033 446 1084 501 Vt

463 614 614 695 sertaque
637 612 671 675 et
691 608 823 695 Elysios
845 608 971 675 animae
994 614 1216 696 praesternere
1239 611 1344 677 flores.

464 716 511 783 sic
533 738 644 783 manes
665 716 814 783 Priscilla
836 717 940 803 subit3
963 717 1011 783 ibi
1035 717 1182 803 supplice
1206 717 1319 783 dextra

464 846 525 910 pro
547 828 581 889 te
603 824 685 889 Fata
706 829 814 912 rogat,
835 847 930 912 reges
953 824 1016 890 tibi
1040 824 1143 891 tristis
1165 822 1288 891 Auerni

464 931 585 1019 placat,
608 935 646 997 ut
668 930 809 1017 expletis
830 932 963 998 humani
986 932 1108 999 finibus
1130 931 1202 998 seui

465 1044 635 1125 paeantem
657 1043 760 1105 terras
783 1038 949 1106 dominum
972 1039 1186 1125 iuuenemque
1208 1038 1372 1125 relinquas

464 1146 535 1233 ipse
558 1148 671 1215 senex!
706 1152 813 1213 certae
835 1146 945 1215 iurant
967 1146 1001 1213 in
1025 1153 1102 1214 uota
1124 1169 1258 1213 sorores.

907 1451 928 1517 2

524 1566 618 1663 Rura
640 1615 731 1659 meus
753 1592 921 1679 Tyrrhena
942 1592 1028 1679 petit
1051 1592 1217 1679 saltusque
1240 1593 1372 1681 'legetis

464 1700 641 1788 Crispinus.
687 1724 746 1766 nec
767 1701 867 1788 longa
889 1724 980 1767 mora
1003 1706 1053 1767 est
1076 1705 1133 1767 aut
1156 1700 1363 1789 scistellus,

462 1810 519 1875 sed
541 1832 612 1874 mea
635 1812 757 1875 secreto
781 1808 946 1875 uelluntur
969 1813 1102 1895 pectora
1124 1830 1233 1875 morsu

463 1916 590 2003 udaque
613 1920 781 2004 turgentes
803 1915 979 2001 impellunt
1000 1916 1124 1983 lumina
1146 1920 1273 2003 guttas,

463 2046 521 2089 ceu
543 2046 642 2109 super
663 2022 790 2111 Aegeas
812 2022 935 2089 hiemes
958 2023 1108 2090 abeuntis
1131 2022 1225 2090 amici

461 2131 535 2197 uela
553 2153 670 2216 sequar
687 2135 895 2217 spectemque
914 2136 1016 2197 ratem
1035 2130 1099 2196 iam
1119 2132 1224 2197 fessus
1242 2130 1285 2197 ab
1304 2130 1379 2197 altis

460 2239 597 2324 rupibus
619 2242 718 2324 atque
741 2237 851 2304 oculos
872 2238 973 2326 longo
996 2260 1113 2324 querar
1135 2260 1207 2305 aere
1230 2238 1325 2305 uinci.

551 2345 650 2431 quid?
686 2345 714 2409 si
737 2345 873 2411 militiae
896 2345 1031 2431 inmte,
1054 2368 1135 2431 puer
1158 2345 1282 2431 inclite,
1304 2346 1427 2431 primae

462 2453 549 2519 clara
571 2453 754 2519 rudimenta
776 2456 810 2517 et
832 2457 1012 2519 castrorum
1035 2453 1127 2520 dulce
1150 2456 1282 2519 uocaret

461 2559 657 2646 auspicium,
680 2564 802 2645 quanto
825 2564 993 2626 manarent
1016 2559 1135 2647 gaudis
1156 2561 1236 2626 fletu
1550 2580 1583 2627 10

461 2690 584 2753 quosue
603 2666 711 2733 darem
729 2665 912 2752 amplexus!
945 2667 1085 2733 etiamne
1103 2667 1255 2753 optanda,
1273 2668 1458 2754 propinqui,

461 2774 591 2841 tristia?
626 2779 664 2841 ut
687 2779 821 2841 octonos
844 2774 896 2840 bis
918 2775 983 2840 iam
1006 2773 1069 2840 tibi
1093 2774 1207 2841 circuit
1230 2776 1326 2841 orbes

461 2883 545 2970 uita,
568 2883 624 2949 sed
647 2882 795 2970 angustis
818 2882 946 2948 animus
968 2882 1135 2949 robustior
1157 2882 1250 2949 annis

460 2990 707 3076 succumbitque
726 2989 816 3056 oneri
835 2994 868 3056 et
885 2994 1028 3057 mentem
1046 3010 1104 3056 sua
1120 3012 1187 3056 non
1205 2990 1293 3075 capit
1311 2994 1408 3057 aetas.

460 3120 520 3165 nec
541 3097 672 3163 mirum:
708 3119 775 3163 non
796 3100 830 3163 te
852 3096 952 3164 series
974 3096 1133 3164 inhonora
1155 3102 1327 3183 parentum
1549 3118 1581 3167 15

460 3206 635 3272 obscurum
658 3204 790 3291 proauis
813 3210 846 3271 et
868 3204 994 3290 priscae
1016 3203 1098 3270 lucis
1122 3208 1270 3292 egentem

460 3312 591 3399 plebeia
613 3313 652 3378 de
675 3312 778 3397 stirpe
801 3312 891 3399 tulit,
913 3335 980 3377 non
1002 3312 1159 3399 sanguine
1182 3316 1289 3378 cretus

460 3420 592 3486 turmali
615 3420 791 3505 trabeaque
814 3442 924 3485 recens
948 3423 982 3485 ct
1003 3441 1146 3505 paupere
1169 3419 1261 3486 clauo

459 3532 632 3615 augustam
654 3527 763 3593 eedem
786 3531 819 3592 et
842 3526 927 3592 Latii
951 3522 1117 3612 penetrale
1140 3532 1271 3593 senatus

459 3635 583 3701 aduena
606 3634 760 3720 pulsasti,
781 3634 838 3700 sed
860 3634 1072 3721 praecedente
1095 3638 1225 3701 tuorum

336 3871 386 3919 181
405 3864 580 3936 placentem
598 3880 667 3921 corr.
682 3869 701 3919 ς
719 3894 754 3905 -

335 3972 504 4027 2Laudes
523 3968 675 4042 Crispini
692 3970 800 4026 Vettii
818 3969 942 4026 Bolani
960 3970 1034 4026 filii
1052 4003 1087 4012 —
1106 3976 1122 4027 8
1141 3974 1171 4027 et
1188 3989 1264 4042 mea;
1283 3990 1352 4029 corr.
1370 3974 1529 4031 Gronour'us
1544 4006 1578 4015 —

247 4065 381 4134 tgottse
400 4060 589 4117 Marklandua
615 4092 650 4101 —
680 4066 711 4115 11
730 4059 895 4131 propinquis
915 4066 933 4116 ς
954 4092 987 4101 -
1008 4066 1040 4115 18
1060 4064 1089 4116 et
1107 4064 1260 4118 octonoss
1288 4095 1322 4104 -
1352 4068 1385 4117 18
1409 4062 1522 4132 trabeq;
1545 4080 1579 4117 ac

245 4152 330 4207 remis
349 4155 379 4206 et
395 4167 532 4222 paupere;
560 4168 629 4206 corr.
649 4150 793 4207 Krotnius
820 4150 976 4220 trabeaque
993 4150 1075 4206 Remi
1093 4168 1144 4207 nce
1164 4151 1279 4223 Lipsius
1297 4184 1331 4193 -

335 4369 388 4419 958
406 4362 475 4420 silo.
494 4364 546 4419 12.
557 4368 590 4418 87
610 4362 737 4436 supplica
755 4364 855 4421 dextra
872 4398 907 4407 —

334 4477 361 4527 9.
381 4479 397 4527 5
421 4470 489 4527 Silo.
508 4470 560 4527 13.
575 4478 609 4526 95
637 4472 747 4543 Aegeas
770 4471 876 4529 hiemes
904 4506 938 4515 —
967 4480 982 4527 7
1012 4472 1079 4529 Silu.
1098 4474 1138 4529 III
1152 4480 1176 4530 9.
1188 4481 1221 4530 79
1249 4474 1320 4530 ratis
1344 4520 1349 4530 .
1369 4517 1376 4531 .
1397 4517 1403 4530 .
1426 4472 1576 4545 paullatim

245 4562 337 4617 minor
353 4562 439 4633 louge
457 4559 602 4617 semantia
618 4560 710 4616 uincit
725 4562 835 4619 lumina
852 4594 887 4603 -—
906 4568 940 4618 10
960 4562 1028 4619 Silu.
1048 4562 1073 4617 V
1087 4568 1112 4618 8.
1122 4569 1174 4618 917
1193 4564 1300 4635 gaudia
1314 4564 1381 4619 fletu
1399 4562 1497 4619 Claud.
1512 4560 1577 4617 bell.

245 4650 320 4707 Gild.
338 4652 420 4707 Irae
446 4650 506 4706 Iun
524 4649 576 4705 XV
591 4656 642 4707 198
668 4651 816 4707 manantia
837 4652 906 4707 fletu
924 4668 975 4709 ora
1001 4684 1036 4694 -
1063 4658 1097 4708 19
1125 4652 1210 4709 Anth.
1229 4669 1273 4725 ep.
1293 4659 1384 4709 9999
1413 4650 1456 4707 151
1478 4650 1579 4706 circuit

245 4741 342 4797 orbern
359 4772 395 4782 -
414 4745 448 4795 18
466 4741 550 4808 atiud
562 4738 716 4796 11115-
736 4746 769 4794 15
784 4740 986 4798 stuvene
1005 4760 1061 4798 555
1074 4742 1129 4798 tibi
1148 4742 1286 4799 deformes
1301 4740 1413 4799 obscuri
1432 4739 1577 4811 sanguinis

245 4833 324 4887 ortus
346 4847 398 4886 nec
421 4829 482 4885 sine
502 4830 565 4885 luce
588 4846 678 4901 genus
704 4862 739 4872 -
768 4837 801 4886 11
829 4831 912 4903 Verg.
931 4833 964 4888 Δ.
984 4832 1058 4889 nu
1086 4850 1142 4902 quo
1165 4830 1301 4903 sanguine
1329 4834 1421 4887 cretus
1444 4830 1577 4887 Dracont.

246 4920 312 4975 VIII
325 4926 360 4975 89
378 4951 414 4961 -
434 4925 467 4975 19
486 4918 555 4975 Silu
573 4918 613 4974 IV
626 4922 652 4975 8.
667 4925 701 4975 62
728 4919 815 4979 limen
832 4922 946 4994 pulsare
965 4924 1080 4979 senatus
1099 4952 1133 4965 -·
